Date,Open,High,Low,Close,Adj Close,PercentChangeClose,Percent100,Recommendation,Volume,MarketCap,EnterpriseValue,PeRatio,PsRatio,PbRatio,EnterprisesValueRevenueRatio,EnterprisesValueEBITDARatio,TotalRevenue,OperatingRevenue,CostOfRevenue,GrossProfit,OperatingExpense,SellingGeneralAndAdministration,OperatingIncome,OtherIncomeExpense,PretaxIncome,TaxProvision,NetIncomeCommonStockholders,NetIncome,NetIncomeIncludingNoncontrollingInterests,NetIncomeContinuousOperations,DilutedNIAvailtoComStockholders,BasicEPS,DilutedEPS,BasicAverageShares,DilutedAverageShares,TotalOperatingIncomeAsReported,TotalExpenses,NetIncomeFromContinuingAndDiscontinuedOperation,NormalizedIncome,EBIT,EBITDA,ReconciledCostOfRevenue,ReconciledDepreciation,NetIncomeFromContinuingOperationNetMinorityInterest,NormalizedEBITDA,TaxRateForCalcs,TaxEffectOfUnusualItems,TotalAssets,CurrentAssets,CashCashEquivalentsAndShortTermInvestments,CashAndCashEquivalents,Receivables,Inventory,TotalNonCurrentAssets,NetPPE,GrossPPE,AccumulatedDepreciation,GoodwillAndOtherIntangibleAssets,OtherIntangibleAssets,OtherNonCurrentAssets,TotalLiabilitiesNetMinorityInterest,CurrentLiabilities,PayablesAndAccruedExpenses,Payables,AccountsPayable,CurrentDebtAndCapitalLeaseObligation,CurrentDebt,TotalNonCurrentLiabilitiesNetMinorityInterest,LongTermDebtAndCapitalLeaseObligation,LongTermDebt,NonCurrentDeferredLiabilities,NonCurrentDeferredTaxesLiabilities,OtherNonCurrentLiabilities,TotalEquityGrossMinorityInterest,StockholdersEquity,RetainedEarnings,TotalCapitalization,CommonStockEquity,NetTangibleAssets,WorkingCapital,InvestedCapital,TangibleBookValue,TotalDebt,ShareIssued,OrdinarySharesNumber,OperatingCashFlow,CashFlowFromContinuingOperatingActivities,NetIncomeFromContinuingOperations,DepreciationAmortizationDepletion,DepreciationAndAmortization,DeferredTax,DeferredIncomeTax,InvestingCashFlow,CashFlowFromContinuingInvestingActivities,NetPPEPurchaseAndSale,PurchaseOfPPE,FinancingCashFlow,CashFlowFromContinuingFinancingActivities,NetIssuancePaymentsOfDebt,NetCommonStockIssuance,CommonStockIssuance,CommonStockPayments,EndCashPosition,ChangesInCash,EffectOfExchangeRateChanges,BeginningCashPosition,CapitalExpenditure,IssuanceOfCapitalStock,RepurchaseOfCapitalStock,FreeCashFlow
9/30/2023,55.91,56.720001,51.549999,56.490002,56.490002,0.919,91.94,Sell,387919000,242057520000,267988520000,23.228,5.509,9.305,22.42,63.883,11953000000,11953000000,4657000000,7296000000,4026000000,3667000000,3270000000,387000000,3537000000,454000000,3087000000,3087000000,3083000000,3083000000,3087000000,0.71,0.71,4324000000,4339000000,3270000000,8683000000,3087000000,3087000000,3905000000,4195000000,4657000000,290000000,3087000000,4195000000,0.128,0,97578000000,27867000000,15435000000,11883000000,3495000000,4252000000,69711000000,8860000000,18048000000,-9188000000,32885000000,14741000000,7031000000,69745000000,24409000000,18414000000,18414000000,16837000000,5995000000,5995000000,45336000000,34176000000,34176000000,2733000000,2733000000,8427000000,27833000000,26325000000,73793000000,60501000000,26325000000,-6560000000,3458000000,66496000000,-6560000000,40171000000,7040000000,4324000000,4300000000,4300000000,3083000000,290000000,290000000,57000000,57000000,-1657000000,-1657000000,-378000000,-386000000,-3087000000,-3087000000,-1053000000,-44000000,65000000,-109000000,12210000000,-444000000,-198000000,12852000000,-386000000,65000000,-109000000,3914000000
6/30/2023,60.200001,63.27,58.84,61.93,61.442528,0.973,97.275,Sell,256289400,260391280000,288496280000,26.529,6.019,10.326,24.098,81.611,11972000000,11972000000,4912000000,7060000000,4659000000,3321000000,2401000000,629000000,2880000000,359000000,2547000000,2547000000,2521000000,2521000000,2547000000,0.59,0.59,4325000000,4341000000,2401000000,9571000000,2547000000,2547000000,3254000000,3535000000,4912000000,281000000,2547000000,3535000000,0.125,0,98456000000,27591000000,15694000000,12564000000,3970000000,4646000000,70865000000,9706000000,19233000000,-9527000000,33486000000,14941000000,6592000000,70904000000,24115000000,18116000000,18116000000,16483000000,5999000000,5999000000,46789000000,35626000000,35626000000,2714000000,2714000000,8449000000,27552000000,26013000000,72695000000,61639000000,26013000000,-7473000000,3476000000,67638000000,-7473000000,41625000000,7040000000,4324000000,4469000000,4469000000,2521000000,281000000,281000000,-471000000,-471000000,-883000000,-883000000,-322000000,-339000000,-3063000000,-3063000000,-628000000,-106000000,130000000,-236000000,12852000000,523000000,49000000,12280000000,-339000000,130000000,-236000000,4130000000
3/31/2023,62.299999,64.989998,61.860001,64.150002,63.164001,1.054,105.418,Buy,213353000,268279750000,295797750000,28.324,6.275,11.13,26.94,62.789,10980000000,10980000000,4317000000,6663000000,3296000000,3185000000,3367000000,890000000,4053000000,940000000,3107000000,3107000000,3113000000,3113000000,3107000000,0.72,0.72,4326000000,4345000000,3367000000,7613000000,3107000000,3107000000,4425000000,4711000000,4317000000,286000000,3107000000,4711000000,0.232,0,97404000000,26880000000,14295000000,12004000000,4599000000,4727000000,70524000000,9848000000,19241000000,-9393000000,33575000000,14897000000,6324000000,70536000000,23357000000,17091000000,17091000000,15593000000,6266000000,6266000000,47179000000,36134000000,36134000000,3171000000,3171000000,7874000000,26868000000,25217000000,72137000000,61351000000,25217000000,-8358000000,3523000000,67617000000,-8358000000,42400000000,7040000000,4325000000,160000000,160000000,3113000000,286000000,286000000,260000000,260000000,117000000,117000000,-255000000,-276000000,2065000000,2065000000,2900000000,-619000000,229000000,-848000000,12280000000,2342000000,113000000,9825000000,-276000000,229000000,-848000000,-116000000
12/31/2022,63.560001,63.720001,59.400002,61.32,59.9179,1.032,103.183,Buy,260737100,275082288723,301449288723,27.899,6.537,12.072,29.773,96.898,10125000000,10125000000,4513000000,5612000000,3537000000,3431000000,2075000000,586000000,2500000000,444000000,2031000000,2031000000,2056000000,2056000000,2031000000,0.47,0.47,4326000000,4347000000,2075000000,8050000000,2031000000,2031000000,2804000000,3111000000,4513000000,307000000,2031000000,3111000000,0.177,0,92763000000,22591000000,11631000000,9519000000,3487000000,4233000000,70172000000,9841000000,19075000000,-9234000000,33631000000,14849000000,6189000000,66937000000,19724000000,16952000000,16952000000,15749000000,2772000000,2772000000,47213000000,36377000000,36377000000,2914000000,2914000000,7922000000,25826000000,24105000000,71019000000,60482000000,24105000000,-9526000000,2867000000,63254000000,-9526000000,39149000000,7040000000,4328000000,2950000000,2950000000,2056000000,307000000,307000000,13000000,13000000,1426000000,1426000000,-679000000,-708000000,-5172000000,-5172000000,-1548000000,124000000,130000000,-6000000,9825000000,-796000000,187000000,10434000000,-708000000,130000000,-6000000,2242000000
9/30/2022,56.360001,60.91,54.02,59.849998,58.069668,0.939,93.948,Sell,325950900,242230480000,272512480000,25.464,5.898,10.529,24.633,69.008,11063000000,11063000000,4566000000,6497000000,3409000000,3279000000,3088000000,426000000,3444000000,622000000,2825000000,2825000000,2822000000,2822000000,2825000000,0.65,0.65,4325000000,4346000000,3088000000,7975000000,2825000000,2825000000,3642000000,3949000000,4566000000,307000000,2825000000,3949000000,0.181,0,92471000000,24139000000,13220000000,10127000000,3994000000,3708000000,68332000000,9243000000,18235000000,-8992000000,32946000000,14617000000,6130000000,68035000000,21439000000,17314000000,17314000000,16103000000,4125000000,4125000000,46596000000,35462000000,35462000000,3124000000,3124000000,8010000000,24436000000,22805000000,70893000000,58267000000,22805000000,-10141000000,2700000000,62392000000,-10141000000,39587000000,7040000000,4324000000,3522000000,3522000000,2822000000,307000000,307000000,-8000000,-8000000,-1044000000,-1044000000,-276000000,-289000000,-1128000000,-1128000000,-850000000,-147000000,55000000,-202000000,10434000000,1350000000,-231000000,9315000000,-289000000,55000000,-202000000,3233000000
6/30/2022,63.119999,64.449997,60.790001,64.169998,61.810516,1,100.037,Buy,275802300,272716657215,304061657215,26.544,6.815,10.977,26.849,108.439,11325000000,11325000000,4830000000,6495000000,4154000000,3203000000,2341000000,41000000,2284000000,384000000,1905000000,1905000000,1900000000,1900000000,1905000000,0.44,0.44,4331000000,4353000000,2341000000,8984000000,1905000000,1905000000,2482000000,2804000000,4830000000,322000000,1905000000,2804000000,0.168,0,93169000000,23141000000,11619000000,8976000000,4494000000,3621000000,70028000000,9462000000,18561000000,-9099000000,33888000000,14978000000,6470000000,68366000000,20531000000,15385000000,15385000000,14213000000,5146000000,5146000000,47835000000,36755000000,36755000000,3034000000,3034000000,8046000000,24803000000,23005000000,69970000000,59760000000,23005000000,-10883000000,2610000000,64906000000,-10883000000,41901000000,7040000000,4326000000,3923000000,3923000000,1900000000,322000000,322000000,-168000000,-168000000,-1291000000,-1291000000,-253000000,-270000000,-975000000,-975000000,1433000000,-461000000,203000000,-664000000,9315000000,1657000000,-334000000,7992000000,-270000000,203000000,-664000000,3653000000
3/31/2022,62.330002,67.199997,61.720001,64.610001,61.787926,1.067,106.711,Buy,319591200,268769685040,298905685040,27.556,6.961,11.686,28.492,75.405,10491000000,10491000000,4091000000,6400000000,2995000000,2967000000,3405000000,157000000,3458000000,665000000,2781000000,2781000000,2793000000,2793000000,2781000000,0.64,0.64,4332000000,4357000000,3405000000,7086000000,2781000000,2781000000,3640000000,3964000000,4091000000,324000000,2781000000,3964000000,0.192,0,94064000000,22156000000,10356000000,7681000000,4641000000,3741000000,71908000000,9784000000,18888000000,-9104000000,34740000000,15142000000,6392000000,67223000000,18787000000,14138000000,14138000000,13272000000,4649000000,4649000000,48436000000,37052000000,37052000000,3132000000,3132000000,8252000000,26841000000,24845000000,69969000000,61897000000,24845000000,-9895000000,3369000000,66546000000,-9895000000,41701000000,7040000000,4331000000,623000000,623000000,2793000000,324000000,324000000,41000000,41000000,146000000,146000000,-201000000,-217000000,-2975000000,-2975000000,7000000,-97000000,449000000,-546000000,7992000000,-2206000000,173000000,10025000000,-217000000,449000000,-546000000,406000000
12/31/2021,58.82,61.450001,58.380001,61.009998,57.901939,1.091,109.071,Buy,407891700,256083250000,282922250000,29.167,6.79,11.547,29.895,81.628,9464000000,9464000000,4088000000,5376000000,3704000000,3336000000,1672000000,1382000000,2960000000,510000000,2414000000,2414000000,2450000000,2450000000,2414000000,0.56,0.56,4321000000,4347000000,1672000000,7792000000,2414000000,2414000000,3125000000,3466000000,4088000000,341000000,2414000000,3466000000,0.173,0,94354000000,22545000000,12625000000,9684000000,3512000000,3414000000,71809000000,9920000000,18862000000,-8942000000,34613000000,15250000000,6731000000,69494000000,19950000000,15305000000,15305000000,14619000000,4645000000,4645000000,49544000000,38116000000,38116000000,2821000000,2821000000,8607000000,24860000000,22999000000,69094000000,61115000000,22999000000,-11614000000,2595000000,65760000000,-11614000000,42761000000,7040128924,4325128924,3394000000,3394000000,2450000000,341000000,341000000,168000000,168000000,-4684000000,-4684000000,-596000000,-639000000,-195000000,-195000000,1417000000,202000000,209000000,-7000000,10025000000,-1485000000,-103000000,11613000000,-639000000,209000000,-7000000,2755000000
9/30/2021,52.779999,56.470001,52.400002,56.369999,53.086636,0.996,99.589,Sell,331812000,226492983346,255458983346,28.059,6.239,10.18,25.439,69.874,10042000000,10042000000,3977000000,6065000000,3167000000,3122000000,2898000000,328000000,3084000000,609000000,2471000000,2471000000,2475000000,2475000000,2471000000,0.57,0.57,4318000000,4344000000,2898000000,7144000000,2471000000,2471000000,3294000000,3656000000,3977000000,362000000,2471000000,3656000000,0.197,0,90606000000,24240000000,14869000000,11301000000,3889000000,3182000000,66366000000,10058000000,19211000000,-9153000000,28400000000,10945000000,6490000000,66473000000,15990000000,13676000000,13676000000,12830000000,2314000000,2314000000,50483000000,39394000000,39394000000,2688000000,2688000000,8401000000,24133000000,22179000000,68494000000,61573000000,22179000000,-6221000000,8250000000,63887000000,-6221000000,41708000000,7040000000,4319000000,3706000000,3706000000,2475000000,362000000,362000000,226000000,226000000,166000000,166000000,-241000000,-278000000,-1629000000,-1629000000,16000000,151000000,151000000,0,11613000000,2243000000,-138000000,9508000000,-278000000,151000000,0,3428000000
6/30/2021,54.34,57.560001,53.549999,57.029999,53.305889,1.064,106.446,Buy,293385300,233305040891,265699040891,32.401,6.999,11.462,26.232,55.574,10129000000,10129000000,3787000000,6342000000,3326000000,3017000000,3016000000,1311000000,3618000000,994000000,2641000000,2641000000,2624000000,2624000000,2641000000,0.61,0.61,4313000000,4338000000,3016000000,7113000000,2641000000,2641000000,4398000000,4781000000,3787000000,383000000,2641000000,4781000000,0.275,0,90194000000,22481000000,13042000000,9188000000,4036000000,3281000000,67713000000,10547000000,19909000000,-9362000000,28906000000,11213000000,6553000000,65939000000,15299000000,13095000000,13095000000,12124000000,2204000000,2204000000,50640000000,39804000000,39804000000,2486000000,2486000000,8350000000,24255000000,22249000000,67838000000,62053000000,22249000000,-6657000000,7182000000,64257000000,-6657000000,42008000000,7040000000,4315000000,3889000000,3889000000,2624000000,383000000,383000000,123000000,123000000,2034000000,2034000000,-217000000,-234000000,-5326000000,-5326000000,-3749000000,159000000,159000000,0,9508000000,597000000,100000000,8811000000,-234000000,159000000,0,3655000000
3/31/2021,52.959999,54.869999,52.290001,53.98,50.077721,1.13,113.041,Buy,270807700,227143818441,259022818441,29.447,6.902,11.77,28.716,72.535,9020000000,9020000000,3505000000,5515000000,2793000000,2669000000,2722000000,417000000,2763000000,508000000,2245000000,2245000000,2255000000,2255000000,2245000000,0.52,0.52,4307000000,4330000000,2722000000,6298000000,2245000000,2245000000,3205000000,3571000000,3505000000,366000000,2245000000,3571000000,0.184,0,89993000000,21932000000,12589000000,8484000000,3762000000,3356000000,68061000000,10673000000,19859000000,-9186000000,28790000000,11172000000,6494000000,67661000000,16486000000,11673000000,11673000000,10929000000,4813000000,4813000000,51175000000,40170000000,40170000000,2447000000,2447000000,8558000000,22332000000,20355000000,67009000000,60525000000,20355000000,-8435000000,5446000000,65338000000,-8435000000,44983000000,7040000000,4311000000,1636000000,1636000000,2255000000,366000000,366000000,377000000,377000000,-281000000,-281000000,-205000000,-216000000,364000000,364000000,2544000000,79000000,183000000,-104000000,8811000000,1719000000,-18000000,7110000000,-216000000,183000000,-104000000,1420000000
12/31/2020,54.27,54.630001,48.110001,48.150002,44.300453,1.01,100.973,Buy,457208200,235921680000,267660680000,28.415,7.08,12.68,31.084,86.314,8611000000,8611000000,3578000000,5033000000,2695000000,2589000000,2338000000,257000000,2361000000,887000000,1456000000,1456000000,1474000000,1474000000,1456000000,0.34,0.34,4300000000,4329000000,2338000000,6273000000,1456000000,1456000000,2671000000,3101000000,3578000000,430000000,1456000000,3101000000,0.376,0,87296000000,19240000000,10914000000,6795000000,3144000000,3266000000,68056000000,10777000000,19700000000,-8923000000,28550000000,11044000000,6184000000,66012000000,14601000000,11933000000,11933000000,11145000000,2668000000,2668000000,51411000000,40125000000,40125000000,1833000000,1833000000,9453000000,21284000000,19299000000,66555000000,59424000000,19299000000,-9251000000,4639000000,62092000000,-9251000000,42793000000,7040128924,4302128924,3624000000,3624000000,1474000000,430000000,430000000,-28000000,-28000000,5595000000,5595000000,-385000000,-418000000,-14043000000,-14043000000,-10783000000,108000000,133000000,-25000000,7110000000,-4824000000,112000000,11822000000,-418000000,133000000,-25000000,3206000000
9/30/2020,49.439999,51.529999,47.299999,48.060001,43.873634,1.026,102.559,Buy,292193800,212142890000,244659890000,23.288,6.216,12.134,28.278,76.48,8652000000,8652000000,3471000000,5181000000,2883000000,2511000000,2298000000,461000000,2181000000,441000000,1737000000,1737000000,1740000000,1740000000,1737000000,0.4,0.4,4296000000,4321000000,2298000000,6354000000,1737000000,1737000000,2841000000,3199000000,3471000000,358000000,1737000000,3199000000,0.202,0,97184000000,30410000000,21128000000,11385000000,3827000000,3264000000,66774000000,10667000000,19544000000,-8877000000,27920000000,11033000000,6161000000,76868000000,26891000000,13526000000,13526000000,12750000000,13365000000,13365000000,49977000000,39502000000,39502000000,1945000000,1945000000,8530000000,20316000000,18607000000,66863000000,58109000000,18607000000,-9313000000,3519000000,71474000000,-9313000000,52867000000,7040000000,4297000000,3434000000,3434000000,1740000000,358000000,358000000,49000000,49000000,-105000000,-105000000,-179000000,-223000000,-2072000000,-2072000000,-550000000,70000000,70000000,0,11822000000,1257000000,136000000,10429000000,-223000000,70000000,0,3211000000
6/30/2020,44.93,49.279999,43.830002,47.240002,42.778782,1.039,103.877,Buy,369294100,191900600000,224627600000,19.259,5.191,10.568,14.261,37.098,15751000000,15751000000,6384000000,9367000000,5006000000,4631000000,4361000000,1101000000,5207000000,653000000,4554000000,4554000000,4554000000,4554000000,4554000000,1.06,1.05,4292000000,4321000000,4361000000,11390000000,4554000000,4554000000,5674000000,6055000000,6384000000,381000000,4554000000,6055000000,0.199,0,94689000000,29371000000,19816000000,10037000000,3849000000,3501000000,65318000000,10695000000,19234000000,-8539000000,27447000000,10830000000,5875000000,75500000000,26848000000,12244000000,12244000000,11668000000,14604000000,14604000000,48652000000,37729000000,37729000000,1969000000,1969000000,8954000000,19189000000,17484000000,66888000000,55213000000,17484000000,-9963000000,2523000000,69817000000,-9963000000,52333000000,7040000000,4295000000,2230000000,2230000000,1759000000,381000000,381000000,83000000,83000000,-5883000000,-5883000000,-188000000,-209000000,235000000,235000000,1741000000,32000000,31000000,1000000,10429000000,-3418000000,-118000000,13965000000,-209000000,31000000,1000000,2021000000
3/31/2020,42.48,49.73,41.799999,45.889999,41.182129,0.793,79.268,Sell,395209600,190009500000,221597500000,21.377,5.122,10.011,25.764,62.072,8601000000,8601000000,3371000000,5230000000,2850000000,2648000000,2380000000,711000000,3010000000,215000000,2775000000,2775000000,2795000000,2795000000,2775000000,0.65,0.64,4289000000,4325000000,2380000000,6221000000,2775000000,2775000000,3203000000,3570000000,3371000000,367000000,2775000000,3570000000,0.072,0,94013000000,28234000000,17666000000,13561000000,4430000000,3558000000,65779000000,10993000000,19278000000,-8285000000,27838000000,11165000000,6001000000,74179000000,32397000000,13098000000,13098000000,12640000000,19299000000,19299000000,41782000000,31094000000,31094000000,1856000000,1856000000,8832000000,19834000000,18158000000,66870000000,49252000000,18158000000,-9680000000,-4163000000,68551000000,-9680000000,50393000000,7040000000,4294000000,556000000,556000000,2795000000,367000000,367000000,-122000000,-122000000,-1084000000,-1084000000,-236000000,-327000000,7810000000,7810000000,7730000000,319000000,413000000,-94000000,13965000000,7282000000,-54000000,6737000000,-327000000,413000000,-94000000,229000000
12/31/2019,55.32,59.080002,54.09,58.400002,51.953102,1.081,108.095,Buy,286856700,236898000000,267715000000,29.441,7.108,12.66,29.523,87.632,9068000000,9068000000,3566000000,5502000000,3338000000,3224000000,2164000000,356000000,2420000000,355000000,2042000000,2042000000,2065000000,2065000000,2042000000,0.48,0.47,4282000000,4322000000,2164000000,6904000000,2042000000,2042000000,2655000000,3055000000,3566000000,400000000,2042000000,3055000000,0.147,0,86381000000,20411000000,11175000000,6480000000,3971000000,3379000000,65970000000,10838000000,18921000000,-8083000000,26766000000,10002000000,6075000000,65283000000,26973000000,11726000000,11726000000,11312000000,15247000000,15247000000,38310000000,27516000000,27516000000,2284000000,2284000000,8510000000,21098000000,18981000000,65810000000,46497000000,18981000000,-7785000000,-6562000000,61744000000,-7785000000,42763000000,7040128924,4280128924,2700000000,2700000000,2065000000,400000000,400000000,46000000,46000000,-75000000,-75000000,-814000000,-848000000,-3667000000,-3667000000,277000000,-324000000,89000000,-413000000,6737000000,-1042000000,3000000,7776000000,-848000000,89000000,-413000000,1852000000
9/30/2019,54.529999,55.389999,52.82,54.43,48.062347,1.042,104.176,Buy,245853900,233220960000,261319960000,31.836,7.135,12.828,27.487,70.915,9507000000,9507000000,3767000000,5740000000,3241000000,3116000000,2499000000,670000000,3092000000,503000000,2593000000,2593000000,2589000000,2589000000,2593000000,0.61,0.6,4280000000,4321000000,2499000000,7008000000,2593000000,2593000000,3322000000,3685000000,3767000000,363000000,2593000000,3685000000,0.163,0,87433000000,23117000000,12988000000,7531000000,4353000000,3266000000,64316000000,10217000000,19794000000,-8267000000,26330000000,9865000000,5750000000,66750000000,25100000000,13636000000,13636000000,12727000000,11464000000,11464000000,41650000000,31012000000,31012000000,2581000000,2581000000,8057000000,20683000000,18713000000,65481000000,49725000000,18713000000,-7617000000,-1983000000,61189000000,-7617000000,42476000000,7040000000,4284000000,3270000000,3270000000,2589000000,363000000,363000000,-163000000,-163000000,1461000000,1461000000,462000000,-439000000,-3905000000,-3905000000,-2358000000,320000000,321000000,-1000000,7776000000,826000000,-77000000,7027000000,-439000000,321000000,-1000000,2831000000
6/30/2019,51.07,54.82,50.779999,52.630001,46.135609,1.081,108.114,Buy,257685900,217683000000,251270000000,31.049,6.788,12.274,25.135,69.565,9997000000,9997000000,3921000000,6076000000,3088000000,2996000000,2988000000,155000000,3049000000,421000000,2607000000,2607000000,2628000000,2628000000,2607000000,0.61,0.61,4269000000,4305000000,2988000000,7009000000,2607000000,2607000000,3285000000,3612000000,3921000000,327000000,2607000000,3612000000,0.138,0,89996000000,24360000000,13361000000,6731000000,4888000000,3453000000,65636000000,10254000000,19806000000,-8222000000,26915000000,10075000000,5596000000,69701000000,29382000000,13603000000,13603000000,12819000000,15779000000,15779000000,40319000000,29296000000,29296000000,2687000000,2687000000,8336000000,20295000000,18181000000,64602000000,47477000000,18181000000,-8734000000,-5022000000,63256000000,-8734000000,45075000000,7040000000,4275000000,3713000000,3802000000,2685000000,327000000,327000000,-273000000,-273000000,-903000000,-1047000000,-386000000,-403000000,-1853000000,-1717000000,-223000000,120000000,412000000,-292000000,7027000000,957000000,-54000000,6124000000,-403000000,412000000,-292000000,3310000000
3/31/2019,46.990002,49.18,46.040001,49.060001,42.673019,1.028,102.822,Buy,238015200,199998480000,227589480000,29.847,6.324,11.778,28.378,86.241,8020000000,8020000000,2990000000,5030000000,2694000000,2567000000,2336000000,-101000000,2132000000,486000000,1678000000,1678000000,1703000000,1646000000,1678000000,0.39,0.39,4271000000,4306000000,2336000000,5684000000,1678000000,1621000000,2364000000,2639000000,2990000000,275000000,1621000000,2639000000,0.235,0,88347000000,28540000000,11948000000,5645000000,3852000000,3178000000,59807000000,8866000000,18140000000,-8032000000,22744000000,9780000000,5382000000,68543000000,27943000000,11241000000,11241000000,10986000000,14867000000,14867000000,40600000000,29400000000,29400000000,2602000000,2602000000,8598000000,19804000000,17735000000,63704000000,47135000000,17735000000,-5009000000,597000000,62002000000,-5009000000,44267000000,7040000000,4268000000,788000000,699000000,1646000000,275000000,275000000,110000000,110000000,-4459000000,-4315000000,-338000000,-364000000,421000000,285000000,463000000,-207000000,190000000,-397000000,6124000000,-3250000000,56000000,9318000000,-364000000,190000000,-397000000,424000000
12/31/2018,46.939999,48.779999,46.34,48.130001,41.501797,1.013,101.317,Buy,290752700,202089800000,228079800000,64.863,6.304,11.065,32.315,221.652,7058000000,7058000000,2721000000,4337000000,2701000000,2538000000,1636000000,-783000000,787000000,-5000000,870000000,870000000,927000000,792000000,870000000,0.2,0.2,4262000000,4304000000,1636000000,5422000000,870000000,735000000,1029000000,1029000000,2721000000,279000000,735000000,1029000000,0.27,0,83216000000,24930000000,16115000000,9077000000,3685000000,3071000000,58286000000,9598000000,17611000000,-8013000000,21587000000,7478000000,4148000000,64158000000,28782000000,9026000000,3492000000,2719000000,18838000000,18838000000,35376000000,25376000000,25376000000,2354000000,2354000000,7646000000,19058000000,16981000000,63234000000,42357000000,16981000000,-4606000000,-3852000000,61195000000,-4606000000,44214000000,7040128924,4268128924,1937000000,1840000000,792000000,279000000,279000000,-445000000,-445000000,1818000000,2111000000,-280000000,-430000000,-3963000000,-4168000000,-1036000000,269000000,585000000,-316000000,9318000000,-208000000,-13000000,9539000000,-430000000,585000000,-316000000,1507000000
9/30/2018,46.169998,48.080002,44.25,47.880001,40.962311,1.036,103.554,Buy,326355300,196584640000,224031640000,88.827,6.004,10.729,27.172,67.745,8245000000,8245000000,3059000000,5186000000,2660000000,1645000000,2526000000,356000000,2847000000,528000000,1880000000,1880000000,1818000000,2319000000,1880000000,0.44,0.44,4255000000,4295000000,2526000000,5719000000,1880000000,2381000000,3053000000,3307000000,3059000000,254000000,2381000000,3307000000,0.185,0,86877000000,33413000000,18847000000,9065000000,3702000000,2627000000,53464000000,7404000000,15415000000,-8011000000,16855000000,6999000000,4535000000,66699000000,31430000000,10630000000,10630000000,10317000000,19314000000,19314000000,35269000000,25523000000,25523000000,2500000000,2500000000,7246000000,20178000000,18264000000,64028000000,43787000000,18264000000,1409000000,1983000000,63101000000,1409000000,44837000000,7040000000,4256000000,3004000000,2872000000,2319000000,254000000,254000000,-10000000,-10000000,1855000000,1896000000,-272000000,-305000000,-3549000000,-3494000000,-1740000000,12000000,291000000,-279000000,9539000000,1310000000,-140000000,8369000000,-305000000,291000000,-279000000,2699000000
6/30/2018,43.779999,46.669998,43.580002,46.630001,39.556442,1.089,108.876,Buy,207676200,186536580000,214110580000,141.484,5.582,9.512,23.985,62.844,8927000000,8927000000,3252000000,5675000000,2948000000,2723000000,2727000000,227000000,2883000000,594000000,2316000000,2316000000,2331000000,2289000000,2316000000,0.54,0.54,4255000000,4290000000,2727000000,6200000000,2316000000,2274000000,3124000000,3407000000,3252000000,283000000,2274000000,3407000000,0.206,0,89593000000,36024000000,19354000000,7975000000,4565000000,2881000000,53569000000,7688000000,15972000000,-8284000000,16862000000,6999000000,4401000000,69417000000,31398000000,11204000000,11204000000,10842000000,18738000000,18738000000,38019000000,28063000000,28063000000,2589000000,2589000000,7367000000,20176000000,18323000000,63808000000,46386000000,18323000000,1461000000,4626000000,65124000000,1461000000,46801000000,7040000000,4253000000,2027000000,1995000000,2289000000,283000000,283000000,204000000,204000000,957000000,1020000000,-319000000,-338000000,-3159000000,-3174000000,-1259000000,-267000000,123000000,-390000000,8369000000,-175000000,-204000000,8748000000,-338000000,123000000,-390000000,1689000000
3/31/2018,43.439999,45.029999,41.91,43.209999,36.331665,0.916,91.598,Sell,256838800,184968370000,211978370000,160.852,5.303,10.835,27.797,90.861,7626000000,7626000000,2738000000,4888000000,3077000000,2541000000,1811000000,87000000,1833000000,506000000,1368000000,1368000000,1400000000,1327000000,1368000000,0.32,0.32,4265000000,4306000000,1811000000,5815000000,1368000000,1295000000,2063000000,2333000000,2738000000,270000000,1295000000,2333000000,0.276,0,93282000000,38042000000,21373000000,8291000000,3904000000,2937000000,55240000000,7977000000,16347000000,-8370000000,17020000000,7112000000,4428000000,71665000000,31480000000,10797000000,10797000000,10218000000,19155000000,19155000000,40185000000,29792000000,29792000000,2314000000,2314000000,8079000000,21617000000,19610000000,63150000000,49402000000,19610000000,2590000000,6562000000,68557000000,2590000000,48947000000,7040000000,4259000000,659000000,613000000,1327000000,270000000,270000000,-199000000,-199000000,1297000000,1321000000,-231000000,-274000000,324000000,284000000,806000000,-450000000,477000000,-927000000,8748000000,2280000000,95000000,6373000000,-274000000,477000000,-927000000,385000000
12/31/2017,45.91,48.619999,45.34,47.59,39.664307,1.044,104.35,Buy,256417300,195479416458,217222416458,44.115,5.327,8.834,28.917,146.673,7512000000,7512000000,2689000000,4823000000,3502000000,2836000000,1321000000,-356000000,937000000,3755000000,-2752000000,-2752000000,-2717000000,-2818000000,-2752000000,-0.65,-0.65,4261000000,4261000000,1321000000,6191000000,-2752000000,-2853000000,1147000000,1481000000,2689000000,334000000,-2853000000,1481000000,0.4,0,87896000000,36545000000,20675000000,6006000000,3667000000,2655000000,51351000000,8203000000,16449000000,-8246000000,16636000000,7235000000,4560000000,68919000000,27194000000,9158000000,9158000000,8748000000,16503000000,16503000000,41725000000,31182000000,31182000000,2522000000,2522000000,8021000000,18977000000,17072000000,60430000000,48254000000,17072000000,436000000,9351000000,64757000000,436000000,47685000000,7040000000,4259000000,1188000000,1077000000,-2818000000,334000000,334000000,-1862000000,-1862000000,-2694000000,-2629000000,-449000000,-481000000,-4948000000,-4910000000,-1386000000,-320000000,275000000,-595000000,6006000000,-6454000000,-68000000,12528000000,-481000000,275000000,-595000000,707000000
9/30/2017,45.049999,46.790001,44.75,45.98,38.010807,1.011,101.104,Buy,192361800,191832620000,214246620000,47.379,5.029,8.719,23.601,98.323,9078000000,9078000000,3395000000,5683000000,3563000000,3203000000,2120000000,-413000000,1674000000,230000000,1447000000,1447000000,1444000000,1444000000,1447000000,0.34,0.33,4266000000,4320000000,2120000000,6958000000,1447000000,1447000000,1882000000,2179000000,3395000000,297000000,1447000000,2179000000,0.137,0,90515000000,38404000000,27357000000,12528000000,3664000000,2608000000,52111000000,8306000000,16730000000,-8424000000,16564000000,7091000000,4480000000,68363000000,27633000000,10567000000,10567000000,10212000000,16629000000,16629000000,40730000000,32471000000,32471000000,4313000000,4313000000,3946000000,22152000000,22119000000,64759000000,54590000000,22119000000,5555000000,10771000000,71219000000,5555000000,49100000000,7040000000,4262000000,2527000000,2527000000,1444000000,297000000,297000000,-14000000,-14000000,1468000000,1468000000,-332000000,-362000000,-3296000000,-3296000000,-1201000000,-487000000,403000000,-890000000,12528000000,699000000,111000000,11718000000,-362000000,403000000,-890000000,2165000000
6/30/2017,45.110001,46.43,44.150002,45.84,37.595921,1.071,107.108,Buy,195369200,191419800000,213663800000,31.585,4.799,8.368,22.023,67.701,9702000000,9702000000,3659000000,6043000000,3965000000,3142000000,2078000000,612000000,2624000000,1252000000,1371000000,1371000000,1372000000,1372000000,1371000000,0.32,0.32,4273000000,4327000000,2078000000,7624000000,1371000000,1371000000,2855000000,3156000000,3659000000,301000000,1371000000,3156000000,0.4,0,91146000000,38961000000,27224000000,11718000000,4024000000,2790000000,52185000000,8672000000,19113000000,-10441000000,17192000000,7743000000,4318000000,69057000000,28830000000,10714000000,10714000000,10363000000,17833000000,17833000000,40227000000,31805000000,31805000000,4330000000,4330000000,4092000000,22089000000,22001000000,64890000000,53806000000,22001000000,4809000000,10131000000,71639000000,4809000000,49638000000,7040000000,4268000000,2603000000,2603000000,1372000000,301000000,301000000,654000000,654000000,-2263000000,-2263000000,-366000000,-390000000,-738000000,-738000000,1195000000,-370000000,523000000,-893000000,11718000000,-398000000,-4000000,12120000000,-390000000,523000000,-893000000,2213000000
3/31/2017,42.580002,43.790001,42.27,43.150002,35.10083,1.047,104.717,Buy,232465400,181346120000,204854120000,28.483,4.427,7.863,22.467,101.063,9118000000,9118000000,3513000000,5605000000,3623000000,3315000000,1982000000,-438000000,1507000000,323000000,1182000000,1182000000,1184000000,1184000000,1182000000,0.28,0.27,4287000000,4334000000,1982000000,7136000000,1182000000,1182000000,1699000000,2027000000,3513000000,328000000,1182000000,2027000000,0.214,0,91201000000,40251000000,25205000000,12120000000,3702000000,2885000000,50950000000,9746000000,20044000000,-10298000000,18767000000,8759000000,4454000000,68134000000,28656000000,10519000000,10519000000,10251000000,15911000000,15911000000,39478000000,31538000000,31538000000,3899000000,3899000000,4041000000,23067000000,22876000000,65099000000,54414000000,22876000000,4109000000,11595000000,70325000000,4109000000,47449000000,7040000000,4273000000,788000000,788000000,1184000000,328000000,328000000,-34000000,-34000000,1039000000,1039000000,-424000000,-442000000,1535000000,1535000000,2481000000,-910000000,394000000,-1304000000,12120000000,3362000000,203000000,8555000000,-442000000,394000000,-1304000000,346000000
12/31/2016,41.5,42.25,40.689999,41.57,33.519714,0.989,98.871,Sell,240343500,178815297387,200470297387,25.127,4.275,6.818,21.306,163.382,9409000000,9409000000,3794000000,5615000000,4260000000,3580000000,1355000000,-762000000,515000000,-32000000,550000000,550000000,547000000,547000000,550000000,0.13,0.13,4303000000,4345000000,1355000000,8054000000,550000000,550000000,763000000,1227000000,3794000000,464000000,550000000,1227000000,0.063,0,87270000000,34010000000,22201000000,8555000000,3856000000,2675000000,53260000000,10635000000,21256000000,-10621000000,21128000000,10499000000,4248000000,64050000000,26532000000,9797000000,9797000000,9490000000,16025000000,16025000000,37518000000,29684000000,29684000000,3753000000,3753000000,4081000000,23220000000,23062000000,65502000000,52746000000,23062000000,1934000000,7478000000,68771000000,1934000000,45709000000,7040000000,4288000000,2073000000,2073000000,547000000,464000000,464000000,-758000000,-758000000,334000000,334000000,-643000000,-701000000,-4762000000,-4762000000,-595000000,-1033000000,139000000,-1172000000,8555000000,-2355000000,-237000000,11147000000,-701000000,139000000,-1172000000,1372000000
9/30/2016,42.310001,43.029999,41.400002,42.400002,33.902363,0.98,97.975,Sell,264839100,182526160000,206499160000,24.322,4.293,6.852,19.421,101.724,10633000000,10633000000,4131000000,6502000000,4231000000,4009000000,2271000000,-825000000,1428000000,378000000,1046000000,1046000000,1050000000,1050000000,1046000000,0.24,0.24,4315000000,4364000000,2271000000,8362000000,1046000000,1046000000,1610000000,2030000000,4131000000,420000000,1046000000,2030000000,0.265,0,93927000000,37956000000,25569000000,11147000000,4082000000,2751000000,55971000000,11172000000,21294000000,-10122000000,22246000000,11381000000,4526000000,67682000000,27792000000,11549000000,11549000000,11153000000,15561000000,15561000000,39890000000,31663000000,31663000000,4243000000,4243000000,3984000000,26245000000,26076000000,66457000000,57739000000,26076000000,3830000000,10164000000,73300000000,3830000000,47224000000,7040000000,4313000000,2903000000,2903000000,1050000000,420000000,420000000,80000000,80000000,-396000000,-396000000,-425000000,-476000000,-1000000000,-1000000000,-936000000,-166000000,187000000,-353000000,11147000000,1507000000,-7000000,9647000000,-476000000,187000000,-353000000,2427000000
6/30/2016,45.330002,45.939999,43.099998,43.630001,34.603149,0.981,98.135,Sell,235959400,196106588113,220729588113,27.307,4.542,7.871,19.129,44.992,11539000000,11539000000,4471000000,7068000000,4209000000,3912000000,2859000000,1438000000,4299000000,839000000,3448000000,3448000000,3460000000,3460000000,3448000000,0.8,0.79,4323000000,4377000000,2859000000,8680000000,3448000000,3448000000,4461000000,4906000000,4471000000,445000000,3448000000,4906000000,0.195,0,94094000000,35873000000,24075000000,9647000000,4768000000,3005000000,58221000000,12663000000,23132000000,-10469000000,23689000000,12485000000,4370000000,67256000000,29544000000,10610000000,10610000000,10235000000,18796000000,18796000000,37712000000,29252000000,29252000000,4497000000,4497000000,3963000000,26838000000,26637000000,66921000000,55889000000,26637000000,2948000000,6329000000,74685000000,2948000000,48048000000,7040000000,4315000000,3216000000,3216000000,3460000000,445000000,445000000,-97000000,-97000000,-1285000000,-1285000000,-537000000,-549000000,-1182000000,-1182000000,1450000000,-1072000000,345000000,-1417000000,9647000000,749000000,150000000,8748000000,-549000000,345000000,-1417000000,2667000000
3/31/2016,46.139999,47.130001,42.869999,44.799999,35.26067,1.052,105.194,Buy,317337800,200810700067,225123700067,27.778,4.613,7.858,21.895,90.302,10282000000,10282000000,4069000000,6213000000,4072000000,3761000000,2141000000,-250000000,1894000000,401000000,1483000000,1483000000,1493000000,1493000000,1483000000,0.34,0.34,4328000000,4382000000,2141000000,8141000000,1483000000,1483000000,2035000000,2493000000,4069000000,458000000,1483000000,2493000000,0.212,0,91263000000,36510000000,22211000000,8748000000,4147000000,3052000000,54753000000,12613000000,22983000000,-10370000000,24030000000,12634000000,4314000000,66134000000,30987000000,9901000000,9901000000,9626000000,19844000000,19844000000,35147000000,26990000000,26990000000,4337000000,4337000000,3820000000,25129000000,24914000000,64985000000,51904000000,24914000000,884000000,5523000000,71748000000,884000000,46834000000,7040000000,4332000000,604000000,604000000,1493000000,458000000,458000000,-81000000,-81000000,348000000,348000000,-507000000,-536000000,399000000,399000000,1747000000,24000000,763000000,-739000000,8748000000,1351000000,88000000,7309000000,-536000000,763000000,-739000000,68000000
12/31/2015,42.34,43.259998,40.75,42.919998,33.519585,1.021,102.123,Buy,317920800,185759040000,209171040000,27.363,4.201,7.131,20.917,94.733,10000000000,10000000000,4054000000,5946000000,4428000000,3937000000,1518000000,9000000,1538000000,302000000,1237000000,1237000000,1236000000,1236000000,1237000000,0.29,0.28,4336000000,4390000000,1518000000,8482000000,1237000000,1237000000,1681000000,2208000000,4054000000,527000000,1237000000,2208000000,0.196,0,89996000000,33395000000,19900000000,7309000000,3941000000,2902000000,56601000000,12571000000,22354000000,-9783000000,24132000000,12843000000,4110000000,64232000000,26929000000,9055000000,3570000000,2795000000,15805000000,15805000000,37303000000,28311000000,28311000000,4691000000,4691000000,4301000000,25764000000,25554000000,65018000000,53865000000,25554000000,1422000000,6466000000,69670000000,1422000000,44116000000,7040000000,4324000000,2138000000,2138000000,1236000000,527000000,527000000,-139000000,-139000000,-773000000,-773000000,-848000000,-883000000,-3935000000,-3935000000,-1443000000,-1085000000,513000000,-1598000000,7309000000,-2570000000,-104000000,9983000000,-883000000,513000000,-1598000000,1255000000
9/30/2015,40.220001,43.849998,39.360001,42.349998,32.822697,1.04,103.985,Buy,366307300,174522146678,197889146678,23.462,3.886,6.141,17.318,84.388,11427000000,11427000000,4577000000,6850000000,4471000000,4207000000,2379000000,-671000000,1725000000,272000000,1449000000,1449000000,1453000000,1453000000,1449000000,0.33,0.33,4349000000,4399000000,2379000000,9048000000,1449000000,1449000000,1863000000,2345000000,4577000000,482000000,1449000000,2345000000,0.158,0,93008000000,36594000000,22774000000,9983000000,4028000000,2910000000,56414000000,12615000000,22635000000,-10020000000,24419000000,13062000000,4446000000,66741000000,31545000000,10260000000,10260000000,9877000000,20237000000,20237000000,35196000000,25949000000,25949000000,5053000000,5053000000,4194000000,26267000000,26049000000,65209000000,51998000000,26049000000,1630000000,5049000000,72235000000,1630000000,46186000000,7040000000,4342000000,3272000000,3272000000,1453000000,482000000,482000000,-431000000,-431000000,-1657000000,-1657000000,-539000000,-556000000,-48000000,-48000000,1619000000,-346000000,322000000,-668000000,9983000000,1567000000,-389000000,8805000000,-556000000,322000000,-668000000,2716000000
6/30/2015,39.380001,41.599998,39.220001,41.080002,31.564949,1.021,102.118,Buy,268100000,170991833207,193452833207,24.673,3.775,5.93,15.914,38.869,12156000000,12156000000,4748000000,7408000000,4873000000,4204000000,2535000000,1805000000,4361000000,1250000000,3108000000,3108000000,3111000000,3111000000,3108000000,0.71,0.71,4355000000,4408000000,2535000000,9621000000,3108000000,3108000000,4489000000,4977000000,4748000000,488000000,3108000000,4977000000,0.287,0,93538000000,32803000000,20947000000,8805000000,4976000000,3224000000,60735000000,14365000000,25286000000,-10921000000,26080000000,14374000000,4517000000,64897000000,28852000000,10434000000,10434000000,9997000000,18337000000,18337000000,36045000000,25977000000,25977000000,5785000000,5785000000,4283000000,28641000000,28418000000,65196000000,54395000000,28418000000,2338000000,3951000000,72732000000,2338000000,44314000000,7040000000,4349000000,3544000000,3544000000,3111000000,488000000,488000000,635000000,635000000,-2944000000,-2944000000,-586000000,-598000000,47000000,47000000,1902000000,-513000000,131000000,-644000000,8805000000,647000000,-53000000,8211000000,-598000000,131000000,-644000000,2946000000
3/31/2015,40.790001,41.610001,40.099998,40.560001,30.910381,0.993,99.336,Sell,284020300,177142384540,197212384540,25.344,3.923,5.842,18.412,67.981,10711000000,10711000000,4103000000,6608000000,4312000000,4079000000,2296000000,-23000000,1981000000,415000000,1557000000,1557000000,1566000000,1566000000,1557000000,0.36,0.35,4365000000,4422000000,2296000000,8415000000,1557000000,1557000000,2428000000,2901000000,4103000000,473000000,1557000000,2901000000,0.209,0,91016000000,32119000000,20049000000,8211000000,4461000000,3219000000,58897000000,14346000000,24984000000,-10638000000,26054000000,14061000000,4602000000,61938000000,26123000000,9542000000,9542000000,8853000000,16423000000,16423000000,35815000000,26087000000,26087000000,5432000000,5432000000,4296000000,29078000000,28837000000,63524000000,54924000000,28837000000,2783000000,5996000000,71347000000,2783000000,42510000000,7040000000,4360000000,1574000000,1574000000,1566000000,473000000,473000000,8000000,8000000,-812000000,-812000000,-495000000,-516000000,-1177000000,-1177000000,618000000,-375000000,279000000,-654000000,8211000000,-415000000,-332000000,8958000000,-516000000,279000000,-654000000,1058000000
12/31/2014,42.259998,43.830002,41.110001,41.169998,31.117046,0.99,98.984,Sell,293092200,184332520000,202428520000,23.456,4.08,5.514,18.619,118.103,10872000000,10872000000,4357000000,6515000000,5064000000,4338000000,1451000000,-394000000,1076000000,305000000,770000000,770000000,771000000,771000000,770000000,0.18,0.17,4375000000,4437000000,1451000000,9421000000,770000000,770000000,1215000000,1714000000,4357000000,499000000,770000000,1714000000,0.283,0,92023000000,32986000000,21675000000,8958000000,4466000000,3100000000,59037000000,14633000000,25258000000,-10625000000,26372000000,14272000000,4407000000,61462000000,32374000000,9634000000,9634000000,9234000000,22682000000,22682000000,29088000000,19063000000,19063000000,5636000000,5636000000,4389000000,30561000000,30320000000,63408000000,49383000000,30320000000,3948000000,612000000,72065000000,3948000000,41745000000,7040000000,4366000000,2636000000,2636000000,771000000,499000000,499000000,139000000,139000000,-948000000,-948000000,-715000000,-788000000,-3435000000,-3435000000,-86000000,-725000000,474000000,-1199000000,8958000000,-1747000000,-379000000,11084000000,-788000000,474000000,-1199000000,1848000000
9/30/2014,42.549999,44.869999,40.099998,41.880001,31.436384,1.074,107.369,Buy,529864600,186637500000,205271500000,22.813,4.13,5.478,17.14,62.526,11976000000,11976000000,4630000000,7346000000,4635000000,4507000000,2711000000,-107000000,2660000000,538000000,2114000000,2114000000,2122000000,2122000000,2114000000,0.48,0.48,4383000000,4445000000,2711000000,9265000000,2114000000,2114000000,2773000000,3283000000,4630000000,510000000,2114000000,3283000000,0.202,0,96314000000,35452000000,23714000000,11084000000,5081000000,3277000000,60862000000,14738000000,25538000000,-10800000000,26955000000,14767000000,4850000000,62645000000,32760000000,11045000000,11045000000,10517000000,21699000000,21699000000,29885000000,20111000000,20111000000,6391000000,6391000000,3383000000,33669000000,33429000000,63972000000,53540000000,33429000000,6474000000,2692000000,75239000000,6474000000,41810000000,7040000000,4375000000,3509000000,3509000000,2122000000,510000000,510000000,-112000000,-112000000,-3430000000,-3430000000,-572000000,-588000000,-258000000,-258000000,1653000000,-602000000,408000000,-1010000000,11084000000,-179000000,-355000000,11618000000,-588000000,408000000,-1010000000,2921000000
6/30/2014,42.389999,42.57,39.25,39.290001,29.278954,0.97,97.047,Sell,282905200,185748600000,204756600000,22.652,4.102,5.688,16.284,51.382,12574000000,12574000000,4819000000,7755000000,4585000000,4384000000,3170000000,177000000,3384000000,779000000,2595000000,2595000000,2605000000,2605000000,2595000000,0.59,0.58,4391000000,4454000000,3170000000,9404000000,2595000000,2595000000,3491000000,3985000000,4819000000,494000000,2595000000,3985000000,0.23,0,95489000000,33871000000,21609000000,11618000000,5870000000,3536000000,61618000000,14918000000,25528000000,-10610000000,27437000000,15141000000,4805000000,61188000000,32629000000,11029000000,11029000000,10575000000,21600000000,21600000000,28559000000,18643000000,18643000000,6469000000,6469000000,3447000000,34301000000,34071000000,63194000000,52714000000,34071000000,6634000000,1242000000,74314000000,6634000000,40243000000,7040000000,4385000000,3404000000,3404000000,2605000000,494000000,494000000,-80000000,-80000000,-915000000,-915000000,-515000000,-581000000,-143000000,-143000000,1786000000,-619000000,459000000,-1078000000,11618000000,2346000000,141000000,9131000000,-581000000,459000000,-1078000000,2823000000
3/31/2014,38.529999,41.279999,38.040001,40.790001,30.169849,1.087,108.707,Buy,382724700,169794720000,186605720000,20.347,3.72,5.118,17.644,66.597,10576000000,10576000000,4083000000,6493000000,4117000000,3989000000,2376000000,-170000000,2205000000,579000000,1619000000,1619000000,1626000000,1626000000,1619000000,0.37,0.36,4401000000,4464000000,2376000000,8200000000,1619000000,1619000000,2329000000,2802000000,4083000000,473000000,1619000000,2802000000,0.262,0,91289000000,31052000000,19433000000,9131000000,5233000000,3357000000,60237000000,14860000000,25255000000,-10395000000,27595000000,15252000000,4655000000,58367000000,30056000000,10255000000,10255000000,9959000000,19801000000,19801000000,28311000000,18640000000,18640000000,6257000000,6257000000,3414000000,32922000000,32654000000,61937000000,51294000000,32654000000,5059000000,996000000,71095000000,5059000000,38441000000,7040000000,4392000000,1066000000,1066000000,1626000000,473000000,473000000,13000000,13000000,-2213000000,-2213000000,-381000000,-449000000,205000000,205000000,1359000000,-684000000,191000000,-875000000,9131000000,-942000000,-341000000,10414000000,-449000000,191000000,-875000000,617000000
12/31/2013,41.119999,41.23,37.720001,37.82,27.753237,0.962,96.247,Sell,289400900,181846620000,197594620000,21.404,3.957,5.659,17.898,67.902,11040000000,11040000000,4315000000,6725000000,4620000000,4319000000,2105000000,119000000,2228000000,520000000,1710000000,1710000000,1708000000,1708000000,1710000000,0.39,0.38,4410000000,4482000000,2105000000,8935000000,1710000000,1710000000,2377000000,2910000000,4315000000,533000000,1710000000,2910000000,0.233,0,90055000000,31304000000,20268000000,10414000000,4873000000,3277000000,58751000000,14967000000,25032000000,-10065000000,27611000000,15299000000,4661000000,56615000000,27811000000,9886000000,9886000000,9577000000,17925000000,17925000000,28804000000,19154000000,19154000000,6152000000,6152000000,3498000000,33440000000,33173000000,61660000000,52327000000,33173000000,5562000000,3493000000,70252000000,5562000000,37079000000,7040000000,4402000000,2830000000,2830000000,1708000000,533000000,533000000,469000000,469000000,-1231000000,-1231000000,-878000000,-925000000,-2362000000,-2362000000,857000000,-691000000,249000000,-940000000,10414000000,-763000000,59000000,11118000000,-925000000,249000000,-940000000,1905000000
9/30/2013,38,39.959999,36.830002,39.57,28.835428,0.994,99.446,Sell,378979000,167278080000,183751080000,19.937,3.622,5.191,15.274,46.32,12030000000,12030000000,4793000000,7237000000,4765000000,4424000000,2472000000,862000000,3380000000,925000000,2447000000,2447000000,2455000000,2455000000,2447000000,0.55,0.54,4426000000,4498000000,2472000000,9558000000,2447000000,2447000000,3470000000,3967000000,4793000000,497000000,2447000000,3967000000,0.274,0,89432000000,31576000000,20459000000,11118000000,5116000000,3321000000,57856000000,14548000000,24401000000,-9853000000,27503000000,15091000000,4270000000,56967000000,33042000000,11008000000,11008000000,10590000000,22034000000,22034000000,23925000000,14173000000,14173000000,5307000000,5307000000,4445000000,32465000000,32132000000,61187000000,46305000000,32132000000,4629000000,-1466000000,68339000000,4629000000,36207000000,7040000000,4416000000,3756000000,3756000000,2455000000,497000000,497000000,79000000,79000000,-275000000,-275000000,-549000000,-556000000,-1519000000,-1519000000,529000000,-786000000,128000000,-914000000,11118000000,1962000000,-250000000,9406000000,-556000000,128000000,-914000000,3200000000
6/30/2013,40.5,41.25,39.5,40.080002,28.996195,0.953,95.339,Sell,260921100,177847740000,194537740000,21,3.822,5.476,15.259,47.206,12749000000,12749000000,4989000000,7760000000,4517000000,4385000000,3243000000,275000000,3525000000,831000000,2676000000,2676000000,2694000000,2694000000,2676000000,0.6,0.59,4446000000,4527000000,3243000000,9506000000,2676000000,2676000000,3647000000,4121000000,4989000000,474000000,2676000000,4121000000,0.235,0,89511000000,32572000000,19213000000,9406000000,5516000000,3643000000,56939000000,14549000000,24151000000,-9602000000,27706000000,15049000000,3855000000,56880000000,32469000000,10494000000,10494000000,10047000000,21507000000,21507000000,24411000000,14179000000,14179000000,5298000000,5298000000,4934000000,32631000000,32223000000,59978000000,46402000000,32223000000,4517000000,103000000,67909000000,4517000000,35686000000,7040000000,4434000000,3478000000,3478000000,2694000000,474000000,474000000,-57000000,-57000000,-1490000000,-1490000000,-549000000,-571000000,-1299000000,-1299000000,805000000,-921000000,534000000,-1455000000,9406000000,689000000,-445000000,9162000000,-571000000,534000000,-1455000000,2907000000
3/31/2013,40.389999,42.959999,39.77,42.330002,30.413755,1.145,114.491,Buy,317772200,179877120000,195936120000,20.528,3.861,5.486,17.756,67.124,11035000000,11035000000,4324000000,6711000000,4303000000,4182000000,2408000000,-78000000,2344000000,575000000,1751000000,1751000000,1769000000,1769000000,1751000000,0.39,0.39,4455000000,4530000000,2408000000,8627000000,1751000000,1751000000,2446000000,2919000000,4324000000,473000000,1751000000,2919000000,0.246,0,88450000000,31519000000,18428000000,9162000000,5007000000,3607000000,56931000000,14543000000,23938000000,-9395000000,27389000000,15098000000,3922000000,55556000000,31102000000,9829000000,9829000000,9447000000,20827000000,20827000000,24454000000,14291000000,14291000000,5214000000,5214000000,4949000000,32894000000,32480000000,58549000000,46771000000,32480000000,5091000000,417000000,67598000000,5091000000,35118000000,7040000000,4448000000,478000000,478000000,1769000000,473000000,473000000,157000000,157000000,-1218000000,-1218000000,-463000000,-498000000,1435000000,1435000000,2520000000,-1106000000,417000000,-1523000000,9162000000,695000000,25000000,8442000000,-498000000,417000000,-1523000000,-20000000
12/31/2012,36.990002,37.869999,36.52,37.240002,26.564339,1.008,100.849,Buy,302757300,162001250000,178060250000,18.401,3.461,4.941,15.544,59.652,11455000000,11455000000,4628000000,6827000000,4644000000,4430000000,2183000000,163000000,2377000000,487000000,1866000000,1866000000,1890000000,1890000000,1866000000,0.42,0.41,4479000000,4557000000,2183000000,9272000000,1866000000,1866000000,2472000000,2985000000,4628000000,513000000,1866000000,2985000000,0.205,0,86174000000,30328000000,16551000000,8442000000,4759000000,3264000000,55846000000,14476000000,23486000000,-9010000000,27337000000,15082000000,3585000000,53006000000,27821000000,9151000000,9151000000,8680000000,17874000000,17874000000,25185000000,14736000000,14736000000,4981000000,4981000000,5468000000,33168000000,32790000000,58045000000,47526000000,32790000000,5453000000,2507000000,65400000000,5453000000,32610000000,7040000000,4469000000,2805000000,2805000000,1890000000,513000000,513000000,476000000,476000000,-1005000000,-1005000000,-739000000,-809000000,-2948000000,-2948000000,120000000,-770000000,170000000,-940000000,8442000000,-1148000000,-25000000,9615000000,-809000000,170000000,-940000000,1996000000
9/30/2012,38.16,38.830002,36.540001,37.18,26.340805,0.927,92.655,Sell,293829600,170153980000,185669980000,20.069,3.684,5.273,15.046,50.181,12340000000,12340000000,4853000000,7487000000,4694000000,4630000000,2793000000,275000000,3084000000,755000000,2311000000,2311000000,2329000000,2329000000,2311000000,0.51,0.5,4502000000,4587000000,2793000000,9547000000,2311000000,2293630674,3186000000,3700000000,4853000000,514000000,2311000000,3677000000,0.245,"5,630,674.45",86654000000,29712000000,18083000000,9615000000,5083000000,3447000000,56942000000,15388000000,24516000000,-9128000000,27775000000,15394000000,3629000000,53064000000,27008000000,10459000000,10459000000,9803000000,16549000000,16549000000,26056000000,16181000000,16181000000,5197000000,5197000000,4678000000,33590000000,33210000000,57320000000,49391000000,33210000000,5435000000,2704000000,65940000000,5435000000,32730000000,6633483647,4486000000,3662000000,3662000000,2329000000,514000000,514000000,103000000,103000000,-1839000000,-1839000000,-650000000,-666000000,-1547000000,-1547000000,235000000,-685000000,324000000,-1009000000,9615000000,276000000,2000000,9337000000,-666000000,324000000,-1009000000,2996000000
6/30/2012,39.049999,40.665001,38.049999,40.400002,28.428829,1.066,106.593,Buy,289020200,176005690000,191341690000,20.795,3.839,5.363,14.623,45.096,13085000000,13085000000,5224000000,7861000000,4567000000,4497000000,3294000000,329000000,3623000000,823000000,2788000000,2788000000,2800000000,2800000000,2788000000,0.62,0.605,4510000000,4592000000,3294000000,9791000000,2788000000,2723081424,3735000000,4243000000,5224000000,508000000,2788000000,4159000000,0.227,"19,081,424.23",85149000000,29325000000,16966000000,9337000000,5397000000,3587000000,55824000000,15174000000,23917000000,-8743000000,27751000000,15394000000,3663000000,52520000000,26482000000,10390000000,10390000000,9775000000,16092000000,16092000000,26038000000,16390000000,16390000000,4990000000,4990000000,4658000000,32629000000,32269000000,56159000000,48659000000,32269000000,4518000000,2843000000,64751000000,4518000000,32482000000,7040000000,4502000000,3685000000,3685000000,2800000000,508000000,508000000,156000000,156000000,-3677000000,-3677000000,-683000000,-713000000,-774000000,-774000000,1340000000,-972000000,559000000,-1531000000,9337000000,-766000000,-561000000,10664000000,-713000000,559000000,-1531000000,2972000000
3/31/2012,36.915001,38.91,35.91,38.16,26.670477,1.138,113.844,Buy,292370000,167040570000,181573570000,20.057,3.694,5.28,16.304,55.697,11137000000,11137000000,4348000000,6789000000,4280000000,4181000000,2509000000,189000000,2725000000,658000000,2054000000,2054000000,2067000000,2067000000,2054000000,0.455,0.445,4526000000,4602000000,2509000000,8628000000,2054000000,2016831927,2813000000,3260000000,4348000000,447000000,2054000000,3211000000,0.241,"11,831,926.61",83897000000,28023000000,15779000000,10664000000,4814000000,3442000000,55874000000,15300000000,23955000000,-8655000000,27893000000,15549000000,3770000000,50679000000,24846000000,10082000000,10082000000,9717000000,14764000000,14764000000,25833000000,16351000000,16351000000,4819000000,4819000000,4663000000,33218000000,32818000000,54520000000,49169000000,32818000000,4925000000,3177000000,63933000000,4925000000,31115000000,7040000000,4514000000,493000000,493000000,2067000000,447000000,447000000,-103000000,-103000000,-4883000000,-4883000000,-565000000,-592000000,1922000000,1922000000,2523000000,-643000000,436000000,-1079000000,10664000000,-2468000000,329000000,12803000000,-592000000,436000000,-1079000000,-99000000
12/31/2011,35.075001,35.355,33.285,33.764999,23.427187,0.996,99.562,Sell,300231600,158918117383,171609117383,12.862,3.549,4.768,15.544,60.298,11040000000,11040000000,4403000000,6637000000,4686000000,4411000000,1951000000,237000000,2211000000,537000000,1654000000,1654000000,1674000000,1674000000,1654000000,0.37,0.36,4535000000,4610000000,1951000000,9089000000,1654000000,1591915875,2315000000,2846000000,4403000000,531000000,1654000000,2764000000,0.243,"19,915,875.17",79974000000,25497000000,14035000000,12803000000,4920000000,3092000000,54477000000,14939000000,23151000000,-8212000000,27669000000,15450000000,3495000000,48053000000,24283000000,7918000000,2534000000,2172000000,14912000000,14912000000,23770000000,13656000000,13656000000,4694000000,4694000000,5420000000,31921000000,31635000000,53550000000,45291000000,31635000000,3966000000,1214000000,60203000000,3966000000,28568000000,7040000000,4526000000,2674000000,2674000000,1674000000,531000000,531000000,834000000,834000000,890000000,890000000,-970000000,-1005000000,-3410000000,-3410000000,-563000000,-718000000,187000000,-905000000,12803000000,154000000,-33000000,12682000000,-1005000000,187000000,-905000000,1669000000
9/30/2011,33.294998,34.544998,31.67,34.16,23.530317,1.011,101.141,Buy,406481800,153428760000,166119760000,12.419,3.427,4.62,13.563,47.395,12248000000,12248000000,4875000000,7373000000,4623000000,4527000000,2750000000,148000000,2923000000,680000000,2221000000,2221000000,2243000000,2243000000,2221000000,0.485,0.475,4572000000,4652000000,2750000000,9498000000,2221000000,2245555594,3039000000,3505000000,4875000000,466000000,2221000000,3537000000,0.233,"-7,444,406.43",81753000000,28191000000,16497000000,12682000000,5131000000,3172000000,53562000000,14522000000,22640000000,-8118000000,27484000000,15411000000,3219000000,48254000000,25581000000,23499000000,23499000000,23235000000,2082000000,2082000000,22673000000,13708000000,13708000000,4561000000,4561000000,4404000000,33499000000,33209000000,52965000000,46917000000,33209000000,5725000000,2610000000,48999000000,5725000000,15790000000,7040000000,4542000000,3158000000,3158000000,2243000000,466000000,466000000,16000000,16000000,-1086000000,-1086000000,-705000000,-725000000,1146000000,1146000000,2792000000,-1657000000,580000000,-2237000000,12682000000,3218000000,-702000000,10166000000,-725000000,580000000,-2237000000,2433000000
6/30/2011,33.509998,34.91,33.294998,34.005001,23.264864,1.015,101.545,Buy,325485600,154043933690,166211933690,12.531,3.726,4.383,13.05,38.218,12737000000,12737000000,4989000000,7748000000,4574000000,4422000000,3174000000,583000000,3794000000,990000000,2797000000,2797000000,2804000000,2804000000,2797000000,0.61,0.6,4580000000,4660000000,3174000000,9563000000,2797000000,2529459673,3878000000,4349000000,4989000000,471000000,2797000000,3987000000,0.261,"94,459,673.17",80090000000,26539000000,14017000000,10166000000,5630000000,3237000000,53551000000,14933000000,22928000000,-7995000000,27461000000,15457000000,2701000000,44666000000,24194000000,21708000000,21708000000,21312000000,2486000000,2486000000,20472000000,11373000000,11373000000,4706000000,4706000000,4393000000,35424000000,35142000000,51816000000,46515000000,35142000000,7681000000,2345000000,49001000000,7681000000,13859000000,7040000000,4586000000,3184000000,3184000000,2804000000,471000000,471000000,204000000,204000000,-1281000000,-1281000000,-578000000,-601000000,-956000000,-956000000,18000000,120000000,362000000,-242000000,10166000000,947000000,144000000,9075000000,-601000000,362000000,-242000000,2583000000
3/31/2011,33.445,34.235001,32.904999,33.73,22.910858,1.081,108.113,Buy,303736200,152258821306,166061821306,12.782,4.063,4.717,15.79,53.396,10517000000,10517000000,3949000000,6568000000,4289000000,4080000000,2279000000,251000000,2511000000,598000000,1900000000,1900000000,1913000000,1913000000,1900000000,0.415,0.41,4584000000,4662000000,2279000000,8238000000,1900000000,1810863799,2624000000,3110000000,3949000000,486000000,1900000000,2993000000,0.238,"27,863,799.28",76058000000,23542000000,12277000000,9075000000,4533000000,3033000000,52516000000,14834000000,22334000000,-7500000000,27354000000,15405000000,2740000000,43462000000,21923000000,8524000000,8524000000,8291000000,13399000000,13399000000,21539000000,12681000000,12681000000,4421000000,4421000000,4437000000,32596000000,32279000000,50097000000,44960000000,32279000000,4925000000,1619000000,58359000000,4925000000,26080000000,7040000000,4574000000,458000000,458000000,1913000000,486000000,486000000,-26000000,-26000000,-1047000000,-1047000000,-566000000,-589000000,986000000,986000000,2718000000,-689000000,440000000,-1129000000,9075000000,397000000,161000000,8517000000,-589000000,440000000,-1129000000,-131000000
12/31/2010,32.939999,32.939999,30.945,31.424999,21.191544,1.032,103.203,Buy,366736200,150744840000,162824840000,12.998,4.369,4.862,15.516,22.499,10494000000,10494000000,4279000000,6215000000,5056000000,4511000000,1159000000,5472000000,6241000000,457000000,5771000000,5771000000,5784000000,5784000000,5771000000,1.24,1.235,4622000000,4694000000,1159000000,9335000000,5771000000,864655504,6728000000,7237000000,4279000000,509000000,5771000000,1943000000,0.073,"387,655,503.93",72921000000,21579000000,11337000000,8517000000,4430000000,2650000000,51342000000,14727000000,21706000000,-6979000000,26909000000,15244000000,2121000000,41604000000,18508000000,8859000000,1887000000,1887000000,9376000000,9376000000,23096000000,14041000000,14041000000,4261000000,4261000000,4794000000,31317000000,31003000000,49278000000,45044000000,31003000000,4094000000,3071000000,54420000000,4094000000,23417000000,7040000000,4584000000,2308000000,2308000000,5784000000,509000000,509000000,571000000,571000000,-1692000000,-1692000000,-840000000,-880000000,-2580000000,-2580000000,220000000,-1827000000,1131000000,-2958000000,8517000000,-1964000000,-28000000,10509000000,-880000000,1131000000,-2958000000,1428000000
9/30/2010,29.52,30.875,29.26,30.66,20.533768,1.121,112.111,Buy,387123000,135149741052,135277741052,18.006,4.248,4.843,16.055,43.596,8426000000,8426000000,2918000000,5508000000,3164000000,3064000000,2344000000,343000000,2700000000,633000000,2055000000,2055000000,2067000000,2067000000,2055000000,0.445,0.44,4620000000,4672000000,2344000000,6082000000,2055000000,2064186667,2780000000,3103000000,2918000000,323000000,2055000000,3115000000,0.234,"-2,813,333.33",54089000000,23105000000,13265000000,10509000000,3720000000,2259000000,30984000000,9145000000,15911000000,-6766000000,12259000000,8377000000,2100000000,25888000000,17271000000,8120000000,8120000000,7691000000,8937000000,8937000000,8617000000,4456000000,4456000000,1384000000,1384000000,2777000000,28201000000,27906000000,44541000000,32362000000,27906000000,15647000000,5834000000,41299000000,15647000000,13393000000,7040000000,4630000000,2914000000,2914000000,2067000000,323000000,323000000,13000000,13000000,-1375000000,-1375000000,-413000000,-442000000,990000000,990000000,1678000000,327000000,328000000,-1000000,10509000000,2529000000,245000000,7735000000,-442000000,328000000,-1000000,2472000000
6/30/2010,25.15,27.655001,24.735001,27.555,18.31551,1.04,103.978,Buy,373304800,115629377024,117172377024,15.761,3.682,4.531,13.508,33.288,8674000000,8674000000,2955000000,5719000000,2956000000,2878000000,2763000000,374000000,3123000000,741000000,2369000000,2369000000,2382000000,2382000000,2369000000,0.513,0.51,4608000000,4650000000,2763000000,5911000000,2369000000,2355270893,3204000000,3520000000,2955000000,316000000,2369000000,3502000000,0.237,"4,270,893.37",48444000000,18574000000,10166000000,7735000000,4001000000,2363000000,29870000000,8931000000,15641000000,-6710000000,12109000000,8299000000,2092000000,22636000000,13934000000,6652000000,6652000000,6202000000,7282000000,7282000000,8702000000,4427000000,4427000000,1556000000,1556000000,2719000000,25808000000,25518000000,43490000000,29945000000,25518000000,13409000000,4640000000,37227000000,13409000000,11709000000,7040000000,4614000000,2984000000,2984000000,2382000000,316000000,316000000,-1000000,-1000000,30000000,30000000,-451000000,-500000000,-832000000,-832000000,99000000,84000000,84000000,0,7735000000,2182000000,-131000000,5684000000,-500000000,84000000,0,2484000000
3/31/2010,27.68,27.780001,26.280001,26.725,17.614805,0.993,99.332,Sell,443832000,126781816590,129622816590,18.092,4.09,5.097,17.226,50.654,7525000000,7525000000,2541000000,4984000000,2801000000,2705000000,2183000000,21000000,2179000000,553000000,1614000000,1614000000,1626000000,1626000000,1614000000,0.35,0.345,4608000000,4654000000,2183000000,5342000000,1614000000,1699814594,2264000000,2559000000,2541000000,295000000,1614000000,2674000000,0.254,"-29,185,406.15",47403000000,17208000000,8794000000,5684000000,3705000000,2327000000,30195000000,9036000000,15788000000,-6752000000,12315000000,8410000000,2095000000,22246000000,13583000000,6367000000,6367000000,5963000000,7216000000,7216000000,8663000000,4419000000,4419000000,1481000000,1481000000,2763000000,25157000000,24872000000,42136000000,29291000000,24872000000,12557000000,3625000000,36507000000,12557000000,11635000000,7040000000,4612000000,1326000000,1326000000,1626000000,295000000,295000000,34000000,34000000,-1368000000,-1368000000,-377000000,-393000000,-1043000000,-1043000000,-149000000,121000000,123000000,-2000000,5684000000,-1085000000,-252000000,7021000000,-393000000,123000000,-2000000,933000000
12/31/2009,28.58,28.715,26.85,27.125,17.733313,1.025,102.486,Buy,385386200,131271000000,133917000000,19.454,4.284,5.293,17.832,56.386,7510000000,7510000000,2651000000,4859000000,3079000000,2978000000,1780000000,199000000,1960000000,382000000,1543000000,1543000000,1578000000,1578000000,1543000000,0.335,0.33,4628000000,4688000000,1780000000,5730000000,1543000000,1521262245,2044000000,2375000000,2651000000,331000000,1543000000,2348000000,0.195,"5,262,244.90",48671000000,17551000000,9213000000,7021000000,3758000000,2354000000,31120000000,9561000000,16467000000,-6906000000,12828000000,8604000000,1976000000,23325000000,13721000000,6921000000,1674000000,1410000000,6800000000,6800000000,9604000000,5059000000,5059000000,1580000000,1580000000,2965000000,25346000000,24799000000,41537000000,29858000000,24799000000,11971000000,3830000000,36658000000,11971000000,11859000000,7040000000,4606000000,1916000000,1916000000,1578000000,331000000,331000000,327000000,327000000,-2589000000,-2589000000,-524000000,-594000000,-1409000000,-1409000000,622000000,-1081000000,431000000,-1512000000,7021000000,-2082000000,257000000,8846000000,-594000000,431000000,-1512000000,1322000000
9/30/2009,26.700001,27.75,26.355,26.655001,17.303091,1.078,107.836,Buy,419925800,124446617034,126535617034,19.889,4.076,5.195,15.73,44.367,8044000000,8044000000,2934000000,5110000000,2960000000,2912000000,2150000000,315000000,2443000000,523000000,1896000000,1896000000,1920000000,1920000000,1896000000,0.41,0.405,4632000000,4664000000,2150000000,5894000000,1896000000,1870064675,2532000000,2852000000,2934000000,320000000,1896000000,2819000000,0.214,"7,064,674.58",47107000000,16992000000,9125000000,8846000000,3465000000,2341000000,30115000000,9099000000,15773000000,-6674000000,12625000000,8525000000,1910000000,22685000000,13410000000,7224000000,7224000000,6755000000,6186000000,6186000000,9275000000,5028000000,5028000000,1123000000,1123000000,3124000000,24422000000,23955000000,40944000000,28983000000,23955000000,11330000000,3582000000,35169000000,11330000000,11214000000,7040000000,4628000000,2608000000,2608000000,1920000000,320000000,320000000,109000000,109000000,-396000000,-396000000,-417000000,-419000000,-1026000000,-1026000000,-230000000,155000000,157000000,-2000000,8846000000,1186000000,13000000,7647000000,-419000000,157000000,-2000000,2189000000
6/30/2009,24.24,25.514999,24.01,24.92,16.045696,1.168,116.761,Buy,432536800,111096754451,114599754451,17.708,3.598,4.814,13.862,36.648,8267000000,8267000000,2913000000,5354000000,2916000000,2844000000,2438000000,330000000,2728000000,679000000,2037000000,2049000000,2061000000,2061000000,2037000000,0.44,0.44,4626000000,4646000000,2438000000,5829000000,2049000000,2033978006,2825000000,3127000000,2913000000,302000000,2049000000,3107000000,0.249,"4,978,005.87",46054000000,16372000000,7945000000,7647000000,3746000000,2483000000,29682000000,8904000000,15474000000,-6570000000,12627000000,8535000000,1859000000,22537000000,13567000000,7136000000,7136000000,6356000000,6431000000,6431000000,8970000000,5017000000,5017000000,902000000,902000000,3051000000,23517000000,23076000000,39999000000,28093000000,23076000000,10449000000,2805000000,34524000000,10449000000,11448000000,4630002410,4630000000,2789000000,2789000000,2049000000,302000000,302000000,-63000000,-63000000,-565000000,-565000000,-488000000,-513000000,-1675000000,-1675000000,-786000000,60000000,64000000,-4000000,7647000000,549000000,282000000,6816000000,-513000000,64000000,-4000000,2276000000
3/31/2009,21.879999,22.915001,21,21.525,13.742305,1.018,101.839,Buy,461491600,101729226219,106829226219,18.086,3.224,4.912,14.902,48.937,7169000000,7169000000,2590000000,4579000000,2716000000,2624000000,1863000000,-40000000,1815000000,456000000,1348000000,1348000000,1359000000,1359000000,1348000000,0.29,0.29,4626000000,4638000000,1863000000,5306000000,1348000000,1377950413,1900000000,2183000000,2590000000,283000000,1348000000,2223000000,0.251,"-10,049,586.78",43103000000,14714000000,7079000000,6816000000,3139000000,2298000000,28389000000,8425000000,14635000000,-6210000000,12414000000,8426000000,1793000000,21995000000,13169000000,6007000000,6007000000,5651000000,7162000000,7162000000,8826000000,5017000000,5017000000,865000000,865000000,2944000000,21108000000,20712000000,38911000000,25729000000,20712000000,8298000000,1545000000,32891000000,8298000000,12179000000,7034000000,4620000000,873000000,873000000,1359000000,283000000,283000000,-20000000,-20000000,-599000000,-599000000,-460000000,-467000000,1817000000,1817000000,2757000000,10000000,10000000,0,6816000000,2091000000,24000000,4701000000,-467000000,10000000,0,406000000
12/31/2008,22.700001,23,20.780001,21.360001,13.494187,0.978,97.783,Sell,460252400,104734645035,109067645035,18.181,3.311,5.116,15.306,76.7,7126000000,7126000000,2568000000,4558000000,2852000000,2502000000,1706000000,-529000000,1150000000,155000000,995000000,995000000,995000000,995000000,995000000,0.215,0.215,4624000000,4642000000,1706000000,5420000000,995000000,1072004348,1137000000,1422000000,2568000000,285000000,995000000,1511000000,0.135,"-11,995,652.17",40519000000,12176000000,4979000000,4701000000,3090000000,2187000000,28343000000,8326000000,14400000000,-6074000000,12505000000,8476000000,1733000000,20047000000,12988000000,6457000000,1622000000,1370000000,6531000000,6531000000,7059000000,2781000000,2781000000,877000000,877000000,3401000000,20472000000,20472000000,38513000000,23253000000,20472000000,7967000000,-812000000,29784000000,7967000000,9312000000,7034000000,4620000000,1903000000,1903000000,995000000,285000000,285000000,-139000000,-139000000,-569000000,-569000000,-515000000,-598000000,-3809000000,-3809000000,-2068000000,16000000,16000000,0,4701000000,-2475000000,-621000000,7797000000,-598000000,16000000,0,1305000000
9/30/2008,26.309999,27.5,20.145,22.030001,13.800115,0.862,86.162,Sell,928837400,122232012230,125672012230,20.496,3.853,5.148,14.973,50.41,8393000000,8393000000,3020000000,5373000000,3186000000,3186000000,2187000000,264000000,2445000000,555000000,1890000000,1890000000,1890000000,1890000000,1890000000,0.41,0.405,4622000000,4658000000,2187000000,6206000000,1890000000,1896184049,2187000000,2493000000,3020000000,306000000,1890000000,2501000000,0.227,"-1,815,950.92",48180000000,16820000000,8084000000,7797000000,3674000000,2321000000,31360000000,8527000000,14956000000,-6429000000,12787000000,8776000000,10046000000,24435000000,16587000000,7940000000,7659000000,7659000000,8647000000,8647000000,7848000000,2877000000,2877000000,2168000000,2168000000,2803000000,23745000000,23745000000,38397000000,26622000000,23745000000,10958000000,233000000,35269000000,10958000000,11524000000,7034000000,4620000000,2450000000,2450000000,1890000000,306000000,306000000,1000000,1000000,-560000000,-560000000,-474000000,-474000000,-559000000,-559000000,258000000,63000000,111000000,-48000000,7797000000,1331000000,-105000000,6571000000,-474000000,111000000,-48000000,1976000000
6/30/2008,25.959999,26.445,24.719999,25.75,16.016499,0.881,88.058,Sell,619642400,120073800000,124373800000,21.045,3.874,5.18,13.749,41.334,9046000000,9046000000,3162000000,5884000000,3205000000,3205000000,2679000000,-763000000,1896000000,474000000,1422000000,1422000000,1422000000,1422000000,1422000000,0.305,0.305,4632000000,4686000000,2679000000,6367000000,1422000000,1362000000,2679000000,3009000000,3162000000,330000000,1422000000,2929000000,0.25,"20,000,000",47731000000,16089000000,6857000000,6571000000,4073000000,2531000000,31642000000,8712000000,15124000000,-6412000000,12929000000,8867000000,10001000000,24549000000,16620000000,8337000000,7978000000,7978000000,8283000000,8283000000,7929000000,2874000000,2874000000,1788000000,1788000000,3267000000,23182000000,23182000000,37386000000,26056000000,23182000000,10253000000,-531000000,34339000000,10253000000,11157000000,4620000000,4620000000,2098000000,2098000000,1422000000,330000000,330000000,-214000000,-214000000,-677000000,-677000000,-478000000,-510000000,-1058000000,-1058000000,460000000,-634000000,143000000,-777000000,6571000000,363000000,9000000,6199000000,-510000000,143000000,-777000000,1588000000
3/31/2008,30.504999,30.92,29.184999,29.434999,18.188641,1.004,100.421,Buy,395178800,141218400000,145472400000,22.798,4.724,6.131,19.714,66.7,7379000000,7379000000,2624000000,4755000000,2881000000,2881000000,1874000000,126000000,1948000000,448000000,1500000000,1500000000,1500000000,1500000000,1500000000,0.325,0.32,4644000000,4702000000,1874000000,5505000000,1500000000,1508470226,1874000000,2181000000,2624000000,307000000,1500000000,2192000000,0.23,"-2,529,774.13",47004000000,14888000000,6420000000,6199000000,3500000000,2447000000,32116000000,8675000000,14833000000,-6158000000,12617000000,8283000000,10824000000,23972000000,15588000000,8173000000,7805000000,7805000000,7415000000,7415000000,8384000000,3259000000,3259000000,1838000000,1838000000,3287000000,23032000000,23032000000,36843000000,26291000000,23032000000,10415000000,-700000000,33706000000,10415000000,10674000000,4640000000,4640000000,1120000000,1120000000,1500000000,307000000,307000000,-8000000,-8000000,-557000000,-557000000,-372000000,-386000000,1441000000,1441000000,1379000000,62000000,316000000,-254000000,6199000000,2004000000,102000000,4093000000,-386000000,316000000,-254000000,734000000
12/31/2007,30.725,32.794998,28.245001,29.5,18.112333,0.96,96.05,Sell,549924400,142255660000,147276660000,23.879,4.957,6.542,20.09,77.719,7331000000,7331000000,2641000000,4690000000,3164000000,3293000000,1526000000,296000000,1623000000,409000000,1214000000,1214000000,1214000000,1214000000,1214000000,0.265,0.26,4632000000,4692000000,1526000000,5805000000,1214000000,1120500308,1526000000,1895000000,2641000000,369000000,1214000000,1770000000,0.252,"31,500,308.07",43269000000,12105000000,4308000000,4093000000,3317000000,2220000000,31164000000,8493000000,14444000000,-5951000000,12219000000,7963000000,10452000000,21525000000,13225000000,7173000000,1380000000,1380000000,6052000000,6052000000,8300000000,3277000000,3277000000,1890000000,1890000000,3133000000,21744000000,21744000000,36235000000,25021000000,21744000000,9525000000,-1120000000,31073000000,9525000000,9329000000,4636000000,4636000000,1693000000,1693000000,1214000000,369000000,369000000,176000000,176000000,-2107000000,-2107000000,-497000000,-557000000,-261000000,-261000000,846000000,467000000,606000000,-139000000,4093000000,-675000000,152000000,4616000000,-557000000,606000000,-139000000,1136000000
9/30/2007,28.805,31.075001,28.459999,30.879999,18.85726,1.192,119.247,Buy,368842400,132640760000,137786760000,25.542,5.112,6.991,17.918,65.364,7690000000,7690000000,2884000000,4806000000,2977000000,2896000000,1829000000,271000000,2113000000,459000000,1654000000,1654000000,1654000000,1654000000,1654000000,0.36,0.355,4622000000,4662000000,1829000000,5861000000,1654000000,1666524373,1829000000,2108000000,2884000000,279000000,1654000000,2124000000,0.217,"-3,475,627.07",41670000000,12095000000,4813000000,4618000000,3116000000,2048000000,29575000000,8003000000,14114000000,-6111000000,11832000000,7662000000,9740000000,22001000000,15566000000,7514000000,7130000000,7130000000,8052000000,8052000000,6435000000,1594000000,1594000000,1403000000,1403000000,3438000000,19669000000,19669000000,35809000000,21263000000,19669000000,7837000000,-3471000000,29315000000,7837000000,9646000000,4616000000,4616000000,2162000000,2162000000,1654000000,279000000,279000000,-23000000,-23000000,-566000000,-566000000,-293000000,-321000000,-1346000000,-1346000000,-187000000,-371000000,370000000,-741000000,4616000000,250000000,2000000,4364000000,-321000000,370000000,-741000000,1841000000
6/30/2007,26.325001,27.245001,25.895,26.055,15.81362,1.005,100.515,Buy,419410800,120888410000,123545410000,23.457,4.9,7.024,15.976,48.563,7733000000,7733000000,2736000000,4997000000,2727000000,2685000000,2270000000,144000000,2408000000,557000000,1851000000,1851000000,1851000000,1851000000,1851000000,0.4,0.4,4624000000,4652000000,2270000000,5463000000,1851000000,1886359635,2270000000,2544000000,2736000000,274000000,1851000000,2590000000,0.231,"-10,640,365.45",39989000000,11912000000,4541000000,4364000000,3315000000,2086000000,28077000000,7579000000,12587000000,-5008000000,11010000000,7283000000,9488000000,21017000000,15248000000,7160000000,6631000000,6631000000,8088000000,8088000000,5769000000,1599000000,1599000000,1307000000,1307000000,2863000000,18972000000,18972000000,34941000000,20571000000,18972000000,7962000000,-3336000000,28659000000,7962000000,9687000000,4622000000,4622000000,2346000000,2346000000,1851000000,274000000,274000000,51000000,51000000,-3251000000,-3251000000,-358000000,-420000000,1573000000,1573000000,2050000000,310000000,550000000,-240000000,4364000000,668000000,64000000,3632000000,-420000000,550000000,-240000000,1926000000
3/31/2007,24.1,26.174999,24.025,26.094999,15.732602,1.098,109.78,Buy,414148400,110688000000,112680000000,22.222,4.683,6.542,18.463,60.321,6103000000,6103000000,2145000000,3958000000,2331000000,2325000000,1627000000,130000000,1729000000,467000000,1262000000,1262000000,1262000000,1262000000,1262000000,0.275,0.27,4628000000,4642000000,1627000000,4476000000,1262000000,1181710816,1627000000,1868000000,2145000000,241000000,1262000000,1758000000,0.27,"29,710,815.50",33120000000,10487000000,3783000000,3632000000,2781000000,1909000000,22633000000,7333000000,12341000000,-5008000000,5997000000,4233000000,9303000000,15909000000,11252000000,6266000000,5803000000,5803000000,4986000000,4986000000,4657000000,1454000000,1454000000,516000000,516000000,2687000000,17211000000,17211000000,33877000000,18665000000,17211000000,11214000000,-765000000,23651000000,11214000000,6440000000,4612000000,4612000000,949000000,949000000,1262000000,241000000,241000000,-95000000,-95000000,-795000000,-795000000,-261000000,-350000000,1007000000,1007000000,1632000000,-625000000,93000000,-718000000,3632000000,1161000000,31000000,2440000000,-350000000,93000000,-718000000,599000000
12/31/2006,24.18,24.5,23.745001,23.940001,14.331016,1.032,103.168,Buy,248080400,111843500000,112660500000,21.54,4.802,6.214,18.992,75.917,5932000000,5932000000,2063000000,3869000000,2657000000,2657000000,1212000000,-320000000,886000000,208000000,678000000,678000000,678000000,678000000,678000000,0.145,0.145,4666000000,4676000000,1212000000,4720000000,678000000,565510158,1212000000,1484000000,2063000000,272000000,678000000,1337000000,0.235,"34,510,158.01",29963000000,8441000000,2590000000,2440000000,2587000000,1641000000,21522000000,6903000000,11911000000,-5008000000,5135000000,3732000000,9484000000,13043000000,8890000000,5622000000,929000000,929000000,3268000000,3268000000,4153000000,1314000000,1314000000,608000000,608000000,2231000000,16920000000,16920000000,33468000000,18234000000,16920000000,11785000000,-449000000,21502000000,11785000000,4582000000,4636000000,4636000000,1323000000,1323000000,678000000,272000000,272000000,-3000000,-3000000,-158000000,-158000000,-407000000,-447000000,-2142000000,-2142000000,373000000,-1064000000,140000000,-1204000000,2440000000,-977000000,29000000,3388000000,-447000000,140000000,-1204000000,876000000
9/30/2006,22.450001,23.75,21.860001,23.360001,13.890952,1.057,105.721,Buy,386309000,104640560000,105438560000,20.685,4.547,6.111,16.337,55.64,6454000000,6454000000,2265000000,4189000000,2527000000,2527000000,1662000000,176000000,1826000000,366000000,1460000000,1460000000,1460000000,1460000000,1460000000,0.31,0.31,4684000000,4686000000,1662000000,4792000000,1460000000,1503975904,1662000000,1895000000,2265000000,233000000,1460000000,1950000000,0.2,"-11,024,096.39",31303000000,9360000000,3523000000,3388000000,2489000000,1592000000,21943000000,6728000000,11081000000,-4353000000,5101000000,3795000000,10114000000,13303000000,9234000000,6136000000,5620000000,5620000000,3098000000,3098000000,4069000000,1242000000,1242000000,732000000,732000000,2095000000,18000000000,18000000000,33514000000,19242000000,18000000000,12899000000,126000000,22340000000,12899000000,4340000000,4684000000,4684000000,1872000000,1872000000,1460000000,233000000,233000000,-43000000,-43000000,-845000000,-845000000,-313000000,-334000000,-1617000000,-1617000000,-871000000,-40000000,7000000,-47000000,3388000000,-590000000,-26000000,4004000000,-334000000,7000000,-47000000,1538000000
6/30/2006,21.6,22.395,21.184999,22.25,13.139299,1.068,106.818,Buy,251795800,100752840000,101550840000,19.917,4.378,5.884,15.681,44.874,6476000000,6476000000,2110000000,4366000000,2327000000,2327000000,2039000000,368000000,2391000000,555000000,1836000000,1836000000,1836000000,1836000000,1836000000,0.39,0.39,4700000000,4704000000,2039000000,4437000000,1836000000,1746925972,2039000000,2263000000,2110000000,224000000,1836000000,2147000000,0.232,"26,925,972.40",30350000000,10053000000,4130000000,4004000000,2593000000,1624000000,20297000000,6254000000,10607000000,-4353000000,4203000000,2993000000,9840000000,13228000000,9812000000,6024000000,5317000000,5317000000,3788000000,3788000000,3416000000,1140000000,1140000000,490000000,490000000,1786000000,17122000000,17122000000,32780000000,18262000000,17122000000,12919000000,241000000,22050000000,12919000000,4928000000,4684000000,4684000000,2055000000,2055000000,1836000000,224000000,224000000,39000000,39000000,-194000000,-194000000,-331000000,-370000000,-2242000000,-2242000000,-832000000,-656000000,0,-656000000,4004000000,-381000000,21000000,4364000000,-370000000,0,-656000000,1685000000
3/31/2006,21.049999,21.120001,20.43,20.98,12.300645,1.021,102.142,Buy,219255800,98687590000,99852590000,20.033,4.313,6.015,19.107,64.049,5226000000,5226000000,1771000000,3455000000,2105000000,2060000000,1350000000,73000000,1475000000,369000000,1106000000,1106000000,1106000000,1106000000,1106000000,0.235,0.235,4730000000,4732000000,1395000000,3876000000,1106000000,1115747797,1350000000,1559000000,1771000000,209000000,1106000000,1572000000,0.25,"-3,252,203.39",29811000000,10110000000,4492000000,4364000000,2237000000,1549000000,19701000000,5936000000,10289000000,-4353000000,4113000000,4113000000,9652000000,13405000000,10115000000,5610000000,4954000000,4954000000,4505000000,4505000000,3290000000,1152000000,1152000000,407000000,407000000,1731000000,16406000000,16406000000,31672000000,17558000000,16406000000,12293000000,-5000000,22063000000,12293000000,5657000000,4714000000,4714000000,707000000,707000000,1106000000,209000000,209000000,-28000000,-28000000,-503000000,-503000000,-244000000,-256000000,-582000000,-582000000,-74000000,-508000000,1000000,-509000000,4364000000,-378000000,41000000,4701000000,-256000000,1000000,-509000000,451000000
12/31/2005,20.395,20.995001,19.68,20.690001,12.042693,0.974,97.365,Sell,283895000,95494390000,94632390000,18.576,4.215,5.778,17.048,62.34,5551000000,5551000000,1996000000,3555000000,2293000000,2293000000,1262000000,100000000,1373000000,509000000,864000000,864000000,864000000,864000000,864000000,0.185,0.185,4754000000,4754000000,1262000000,4289000000,864000000,880990532,1262000000,1518000000,1996000000,256000000,864000000,1545000000,0.371,"-10,009,468.32",29427000000,10250000000,4767000000,4701000000,2281000000,1424000000,19177000000,5786000000,10139000000,-4353000000,3821000000,3821000000,9570000000,13072000000,9836000000,5290000000,4493000000,4493000000,4546000000,4546000000,3236000000,1154000000,1154000000,352000000,352000000,1730000000,16355000000,16355000000,31299000000,17509000000,16355000000,12534000000,414000000,22055000000,12534000000,5700000000,4738000000,4738000000,1143000000,1143000000,864000000,256000000,256000000,-14000000,-14000000,-279000000,-279000000,-266000000,-266000000,-1143000000,-1143000000,556000000,-367000000,93000000,-460000000,4701000000,-279000000,29000000,4951000000,-266000000,93000000,-460000000,877000000
9/30/2005,21.605,21.799999,20.639999,21.389999,12.368645,0.984,98.383,Sell,270077400,102682742071,101820742071,19.903,4.516,6.213,16.866,59.233,6037000000,6037000000,2235000000,3802000000,2310000000,2310000000,1492000000,161000000,1653000000,370000000,1283000000,1283000000,1283000000,1283000000,1283000000,0.27,0.27,4768000000,4770000000,1492000000,4545000000,1283000000,1309389595,1492000000,1719000000,2235000000,227000000,1283000000,1753000000,0.224,"-7,610,405.32",29883000000,10520000000,5062000000,4951000000,2217000000,1431000000,19363000000,5877000000,10217000000,-4340000000,3887000000,3887000000,9599000000,13357000000,8956000000,5877000000,5194000000,5194000000,3079000000,3079000000,4401000000,1121000000,1121000000,537000000,537000000,2743000000,16526000000,16526000000,31100000000,17647000000,16526000000,12639000000,1564000000,20726000000,12639000000,4200000000,4754931330,4754931330,1746000000,1746000000,1283000000,227000000,227000000,-115000000,-115000000,-569000000,-569000000,-195000000,-257000000,-1102000000,-1102000000,-635000000,-452000000,86000000,-538000000,4951000000,75000000,-76000000,4952000000,-257000000,86000000,-538000000,1489000000
6/30/2005,20.98,22.305,20.695,21.879999,12.571919,1.014,101.382,Buy,241584800,99670474187,99492474187,20.668,4.468,6.099,15.767,45.327,6310000000,6310000000,2146000000,4164000000,2192000000,2192000000,1972000000,252000000,2216000000,493000000,1723000000,1723000000,1723000000,1723000000,1723000000,0.36,0.36,4798000000,4802000000,1972000000,4338000000,1723000000,1734662906,1972000000,2195000000,2146000000,223000000,1723000000,2210000000,0.222,"-3,337,093.86",29678000000,10593000000,5011000000,4952000000,2349000000,1476000000,19085000000,5830000000,10089000000,-4259000000,3771000000,3771000000,9484000000,13335000000,8830000000,5107000000,4288000000,4288000000,3723000000,3723000000,4505000000,1110000000,1110000000,560000000,560000000,2835000000,16343000000,16343000000,30485000000,17453000000,16343000000,12572000000,1763000000,21176000000,12572000000,4833000000,4774633494,4774633494,2162000000,2162000000,1723000000,223000000,223000000,46000000,46000000,-489000000,-489000000,-199000000,-211000000,-3611000000,-3611000000,-2021000000,-919000000,42000000,-961000000,4952000000,-1938000000,-75000000,6965000000,-211000000,42000000,-961000000,1951000000
3/31/2005,20.915001,21.75,20.370001,21.719999,12.400489,1.054,105.385,Buy,277122600,100381888325,100358888325,21.26,4.554,6.08,19.058,63.318,5266000000,5266000000,1809000000,3457000000,2098000000,2098000000,1359000000,97000000,1448000000,446000000,1002000000,1002000000,1002000000,1002000000,1002000000,0.21,0.21,4818000000,4820000000,1359000000,3907000000,1002000000,997848066,1359000000,1585000000,1809000000,226000000,1002000000,1579000000,0.308,"1,848,066.30",31614000000,12286000000,7026000000,6965000000,2115000000,1511000000,19328000000,6063000000,10267000000,-4204000000,3842000000,3842000000,9423000000,15103000000,10636000000,4774000000,4026000000,4026000000,5862000000,5862000000,4467000000,1141000000,1141000000,485000000,485000000,2841000000,16511000000,16511000000,29432000000,17652000000,16511000000,12669000000,1650000000,23514000000,12669000000,7003000000,4817945204,4817945204,1372000000,1372000000,1002000000,226000000,226000000,-5000000,-5000000,-159000000,-159000000,-151000000,-165000000,-929000000,-929000000,-182000000,-87000000,9000000,-96000000,6965000000,284000000,-26000000,6707000000,-165000000,9000000,-96000000,1207000000
12/31/2004,20.950001,21,20.275,20.745001,11.766837,1.027,102.685,Buy,236828200,100324857929,100734857929,20.82,4.605,6.296,19.162,62.568,5257000000,5257000000,1803000000,3454000000,2107000000,2107000000,1347000000,82000000,1422000000,221000000,1201000000,1201000000,1201000000,1201000000,1201000000,0.25,0.25,4822000000,4828000000,1347000000,3910000000,1201000000,1237317159,1347000000,1610000000,1803000000,263000000,1201000000,1653000000,0.155,"-6,682,841.07",31327000000,12094000000,6768000000,6707000000,2171000000,1420000000,19233000000,6091000000,10149000000,-4058000000,3836000000,3836000000,9306000000,15392000000,10971000000,4950000000,4283000000,4283000000,6021000000,6021000000,4421000000,1157000000,1157000000,450000000,450000000,2814000000,15935000000,15935000000,29105000000,17092000000,15935000000,12099000000,1123000000,23113000000,12099000000,7178000000,4818677134,4818677134,1378000000,1378000000,1201000000,263000000,263000000,206000000,206000000,124000000,124000000,50000000,-235000000,-284000000,-284000000,581000000,-245000000,22000000,-267000000,6707000000,1218000000,124000000,5365000000,-235000000,22000000,-267000000,1143000000
9/30/2004,20.24,20.57,19.15,20.33,11.45912,0.932,93.247,Sell,284754200,96768021295,97766021295,21.303,4.464,6.471,17.267,74.802,5662000000,5662000000,2052000000,3610000000,2513000000,2513000000,1097000000,146000000,1235000000,300000000,935000000,935000000,935000000,935000000,935000000,0.195,0.195,4842000000,4848000000,1097000000,4565000000,935000000,960740891,1097000000,1307000000,2052000000,210000000,935000000,1341000000,0.243,"-8,259,109.31",29300000000,10420000000,5520000000,5365000000,1985000000,1414000000,18880000000,6171000000,10271000000,-4100000000,3718000000,3718000000,8991000000,14346000000,10213000000,4883000000,4021000000,4021000000,5330000000,5330000000,4133000000,1188000000,1188000000,317000000,317000000,2628000000,14954000000,14954000000,28509000000,16142000000,14954000000,11236000000,207000000,21472000000,11236000000,6518000000,4832360614,4832360614,1634000000,1634000000,935000000,210000000,210000000,13000000,13000000,-252000000,-252000000,-152000000,-168000000,-1063000000,-1063000000,-16000000,-457000000,29000000,-486000000,5365000000,319000000,4000000,5042000000,-168000000,29000000,-486000000,1466000000
6/30/2004,25.254999,25.695,21.4,21.93,12.28904,0.872,87.153,Sell,285865800,122451581249,123822581249,25.367,5.643,8.162,20.758,61.603,5965000000,5965000000,2030000000,3935000000,2132000000,2132000000,1803000000,265000000,2053000000,469000000,1584000000,1584000000,1584000000,1584000000,1584000000,0.325,0.325,4860000000,4868000000,1803000000,4162000000,1584000000,1550051632,1803000000,2010000000,2030000000,207000000,1584000000,1966000000,0.228,"10,051,631.76",29845000000,10512000000,5181000000,5042000000,2140000000,1491000000,19333000000,6306000000,10291000000,-3985000000,4084000000,4084000000,8943000000,14842000000,10078000000,5322000000,4198000000,4198000000,4756000000,4756000000,4764000000,1796000000,1796000000,325000000,325000000,2643000000,15003000000,15003000000,28180000000,16799000000,15003000000,10919000000,434000000,21555000000,10919000000,6552000000,4851488956,4851488956,1796000000,1796000000,1584000000,207000000,207000000,-10000000,-10000000,-156000000,-156000000,-164000000,-182000000,-851000000,-851000000,168000000,-402000000,81000000,-483000000,5042000000,789000000,-41000000,4294000000,-182000000,81000000,-483000000,1614000000
3/31/2004,25.24,26.75,24.889999,25.285,14.100482,1.032,103.218,Buy,235590000,122393672441,124428672441,26.614,5.712,8.348,24.503,74.777,5078000000,5078000000,1753000000,3325000000,1874000000,1874000000,1451000000,70000000,1512000000,385000000,1127000000,1127000000,1127000000,1127000000,1127000000,0.23,0.23,4880000000,4888000000,1451000000,3627000000,1127000000,1145634259,1451000000,1664000000,1753000000,213000000,1127000000,1689000000,0.255,"-6,365,740.74",29167000000,9627000000,4432000000,4294000000,2019000000,1391000000,19540000000,6444000000,10371000000,-3927000000,4140000000,4140000000,8956000000,14505000000,8968000000,5115000000,4030000000,4030000000,3853000000,3853000000,5537000000,2614000000,2614000000,350000000,350000000,2573000000,14662000000,14662000000,27203000000,17276000000,14662000000,10522000000,659000000,21129000000,10522000000,6467000000,4866547612,4866547612,1160000000,1160000000,1127000000,213000000,213000000,-47000000,-47000000,-219000000,-219000000,-148000000,-170000000,-63000000,-63000000,981000000,-442000000,61000000,-503000000,4294000000,878000000,54000000,3362000000,-170000000,61000000,-503000000,990000000
12/31/2003,25.4,25.495001,24.325001,24.620001,13.660852,1.066,106.624,Buy,188973000,123907738038,125848738038,28.672,5.937,8.794,24.234,95.34,5193000000,5193000000,1897000000,3296000000,2204000000,2204000000,1092000000,42000000,1124000000,197000000,927000000,927000000,927000000,927000000,927000000,0.19,0.19,4900000000,4906000000,1092000000,4101000000,927000000,959164591,1092000000,1320000000,1897000000,228000000,927000000,1359000000,0.175,"-6,835,409.25",27342000000,8396000000,3482000000,3362000000,2091000000,1252000000,18946000000,6097000000,9622000000,-3525000000,3989000000,3989000000,8860000000,13252000000,7886000000,4980000000,4058000000,4058000000,2906000000,2906000000,5366000000,2517000000,2517000000,337000000,337000000,2512000000,14090000000,14090000000,26687000000,16607000000,14090000000,10101000000,510000000,19513000000,10101000000,5423000000,4883063568,4883063568,1335000000,1335000000,927000000,228000000,228000000,-119000000,-119000000,-130000000,-130000000,-214000000,-247000000,-1739000000,-1739000000,-207000000,-452000000,50000000,-502000000,3362000000,-534000000,106000000,3656000000,-247000000,50000000,-502000000,1088000000
9/30/2003,21.5,23.200001,21.5,23.200001,12.812127,1.037,103.687,Buy,217157200,105311548660,107012548660,24.409,5.135,7.786,18.9,64.388,5662000000,5662000000,2150000000,3512000000,2061000000,2061000000,1451000000,52000000,1498000000,275000000,1223000000,1223000000,1223000000,1223000000,1223000000,0.25,0.25,4910000000,4916000000,1451000000,4211000000,1223000000,1250758344,1451000000,1662000000,2150000000,211000000,1223000000,1696000000,0.184,"-6,241,655.54",27407000000,9044000000,3847000000,3656000000,2142000000,1293000000,18363000000,6064000000,9528000000,-3464000000,3955000000,3955000000,8344000000,13882000000,8591000000,5522000000,4663000000,4663000000,3069000000,3069000000,5291000000,2479000000,2479000000,397000000,397000000,2415000000,13525000000,13525000000,26300000000,16004000000,13525000000,9570000000,453000000,19073000000,9570000000,5548000000,4902772284,4902772284,1991000000,1991000000,1223000000,211000000,211000000,150000000,150000000,-342000000,-342000000,-160000000,-167000000,-1226000000,-1226000000,-204000000,-481000000,24000000,-505000000,3656000000,423000000,-91000000,3324000000,-167000000,24000000,-505000000,1824000000
6/30/2003,23.125,23.32,21.139999,22.485001,12.356497,1.118,111.84,Buy,286536800,114677448757,116953448757,28.248,5.684,8.473,20.551,64.437,5691000000,5691000000,2113000000,3578000000,1976000000,1976000000,1602000000,146000000,1750000000,388000000,1362000000,1362000000,1362000000,1362000000,1362000000,0.275,0.275,4926000000,4932000000,1602000000,4089000000,1362000000,1396244571,1602000000,1815000000,2113000000,213000000,1362000000,1859000000,0.222,"-9,755,428.57",27949000000,9225000000,3560000000,3324000000,2341000000,1458000000,18724000000,6259000000,9658000000,-3399000000,4074000000,4074000000,8391000000,14415000000,9081000000,5795000000,4596000000,4596000000,3286000000,3286000000,5334000000,2550000000,2550000000,296000000,296000000,2488000000,13534000000,13534000000,25617000000,16084000000,13534000000,9460000000,144000000,19370000000,9460000000,5836000000,4920828542,4920828542,1531000000,1531000000,1362000000,213000000,213000000,-116000000,-116000000,-315000000,-315000000,-163000000,-203000000,-1021000000,-1021000000,-397000000,-79000000,12000000,-91000000,3324000000,195000000,114000000,3015000000,-203000000,12000000,-91000000,1328000000
3/31/2003,20.25,21.424999,19.5,20.200001,11.048383,1.004,100.438,Buy,238453600,99714077040,102667077040,24.988,5.023,8.217,22.825,80.586,4498000000,4498000000,1602000000,2896000000,1820000000,1820000000,1076000000,36000000,1123000000,288000000,835000000,835000000,835000000,835000000,835000000,0.17,0.17,4938000000,4944000000,1076000000,3422000000,835000000,844666073,1076000000,1274000000,1602000000,198000000,835000000,1287000000,0.256,"-3,333,926.98",26322000000,8403000000,3193000000,3015000000,2088000000,1363000000,17919000000,6127000000,9358000000,-3231000000,3851000000,3851000000,7941000000,14187000000,8651000000,5265000000,4194000000,4194000000,3386000000,3386000000,5536000000,2760000000,2760000000,365000000,365000000,2411000000,12135000000,12135000000,24799000000,14895000000,12135000000,8284000000,-248000000,18281000000,8284000000,6146000000,4926584834,4926584834,599000000,599000000,835000000,198000000,198000000,-103000000,-103000000,-149000000,-149000000,-188000000,-195000000,385000000,385000000,715000000,-330000000,12000000,-342000000,3015000000,835000000,54000000,2126000000,-195000000,12000000,-342000000,404000000
12/31/2002,22.075001,23.004999,19.575001,20.23,11.000153,0.874,87.436,Sell,249229000,108327725366,111338725366,27.4,5.564,9.18,23.22,91.637,4795000000,4795000000,1701000000,3094000000,2086000000,2086000000,1008000000,-27000000,991000000,267000000,724000000,724000000,724000000,724000000,724000000,0.185,0.185,4950000000,4954000000,1008000000,3787000000,724000000,768565086,1008000000,1215000000,1701000000,207000000,724000000,1276000000,0.269,"-16,434,914.23",24501000000,7352000000,2345000000,2126000000,2097000000,1294000000,17149000000,5911000000,9001000000,-3090000000,3553000000,3553000000,7685000000,12701000000,7341000000,4686000000,3692000000,3692000000,2655000000,2655000000,5360000000,2701000000,2701000000,399000000,399000000,2260000000,11800000000,11800000000,24506000000,14501000000,11800000000,8247000000,11000000,17156000000,8247000000,5356000000,4941958274,4941958274,1337000000,1337000000,724000000,207000000,207000000,96000000,96000000,-456000000,-456000000,-255000000,-269000000,-1415000000,-1415000000,-219000000,-203000000,10000000,-213000000,2126000000,-534000000,13000000,2647000000,-269000000,10000000,-213000000,1068000000
9/30/2002,24.200001,26.549999,22.285,23.24,12.580825,0.934,93.438,Sell,317116400,118936717165,121701717165,28.548,5.527,10.243,22.868,69.703,5322000000,5322000000,2083000000,3239000000,1694000000,1694000000,1545000000,51000000,1590000000,429000000,1161000000,1161000000,1161000000,1161000000,1161000000,0.22,0.22,4956000000,4966000000,1545000000,3777000000,1161000000,1206271698,1545000000,1746000000,2083000000,201000000,1161000000,1808000000,0.27,"-16,728,301.89",25300000000,8248000000,2793000000,2647000000,2183000000,1287000000,17052000000,5687000000,8690000000,-3003000000,3524000000,3524000000,7841000000,13688000000,8111000000,5388000000,4311000000,4311000000,2723000000,2723000000,5577000000,2835000000,2835000000,543000000,543000000,2199000000,11612000000,11612000000,24279000000,14447000000,11612000000,8088000000,137000000,17170000000,8088000000,5558000000,4959829740,4959829740,1249000000,1249000000,1161000000,201000000,201000000,89000000,89000000,-145000000,-145000000,-188000000,-208000000,-1116000000,-1116000000,-454000000,-165000000,12000000,-177000000,2647000000,-12000000,-12000000,2671000000,-208000000,12000000,-177000000,1041000000
6/30/2002,28.125,28.75,21.799999,24.969999,13.464307,0.903,90.3,Sell,355021000,139048480032,142529480032,35.669,7.072,13.207,26.552,76.835,5368000000,5368000000,1927000000,3441000000,1789000000,1789000000,1652000000,121000000,1767000000,477000000,1290000000,1290000000,1290000000,1290000000,1290000000,0.26,0.26,4962000000,4976000000,1652000000,3716000000,1290000000,1330152801,1652000000,1855000000,1927000000,203000000,1290000000,1910000000,0.27,"-14,847,198.64",25287000000,8550000000,2836000000,2671000000,2334000000,1385000000,16737000000,5466000000,8348000000,-2882000000,3429000000,3429000000,7842000000,13936000000,8863000000,5693000000,4485000000,4485000000,3170000000,3170000000,5073000000,2774000000,2774000000,540000000,540000000,1759000000,11351000000,11351000000,23614000000,14125000000,11351000000,7922000000,-313000000,17295000000,7922000000,5944000000,4966017144,4966017144,1195000000,1195000000,1290000000,203000000,203000000,-110000000,-110000000,-257000000,-257000000,-186000000,-199000000,-577000000,-577000000,-17000000,-63000000,55000000,-118000000,2671000000,361000000,42000000,2268000000,-199000000,55000000,-118000000,996000000
3/31/2002,26,28.02,25.75,27.754999,14.910609,1.274,127.41,Buy,194723800,130263599383,133447599383,32.781,6.492,11.461,32.716,92.16,4079000000,4079000000,1394000000,2685000000,1432000000,1432000000,1253000000,-114000000,1151000000,350000000,-125000000,-125000000,-125000000,801000000,-125000000,-0.025,-0.025,4970000000,4970000000,1253000000,2826000000,801000000,922785404,1253000000,1448000000,1394000000,195000000,801000000,1623000000,0.304,"-53,214,596.00",23689000000,7749000000,2397000000,2268000000,1981000000,1254000000,15940000000,5258000000,7988000000,-2730000000,3258000000,3258000000,7424000000,13161000000,8397000000,4997000000,3999000000,3999000000,3400000000,3400000000,4764000000,2478000000,2478000000,662000000,662000000,1624000000,10528000000,10528000000,22821000000,13006000000,10528000000,7270000000,-648000000,16406000000,7270000000,5878000000,4967153456,4967153456,961000000,961000000,-125000000,195000000,195000000,-35000000,-35000000,-329000000,-329000000,-153000000,-175000000,-219000000,-219000000,-66000000,-153000000,30000000,-183000000,2268000000,413000000,-11000000,1866000000,-175000000,30000000,-183000000,786000000
12/31/2001,23.4,23.825001,21.75,21.875,11.702862,0.917,91.718,Sell,249580000,117225618279,120409618279,29.469,5.836,10.314,24.459,81.358,4923000000,4923000000,1428000000,3495000000,2247000000,2247000000,1248000000,1000000,1292000000,378000000,914000000,914000000,914000000,914000000,914000000,0.185,0.185,4974000000,4974000000,1248000000,3675000000,914000000,902681115,1248000000,1480000000,1428000000,232000000,914000000,1464000000,0.293,"4,681,114.55",22417000000,7171000000,1934000000,1866000000,1882000000,1055000000,15246000000,4453000000,7105000000,-2652000000,2579000000,2579000000,8214000000,11051000000,8429000000,4530000000,3679000000,3679000000,3899000000,3899000000,2622000000,1219000000,1219000000,442000000,442000000,961000000,11366000000,11366000000,23443000000,12585000000,11366000000,8787000000,-1258000000,16484000000,8787000000,5118000000,4972454646,4972454646,1057000000,1057000000,914000000,232000000,232000000,101000000,101000000,-348000000,-348000000,-220000000,-241000000,-1304000000,-1304000000,-361000000,-49000000,9000000,-58000000,1866000000,-595000000,-34000000,2495000000,-241000000,9000000,-58000000,816000000
9/30/2001,23.25,24.745001,22.004999,23.940001,12.759579,1.077,107.743,Buy,233443200,116511608597,119293608597,35.226,5.694,11.196,22.104,79.688,5397000000,5397000000,1692000000,3705000000,2394000000,2394000000,1311000000,221000000,1534000000,460000000,1074000000,1074000000,1074000000,1074000000,1074000000,0.215,0.215,4976000000,4976000000,1311000000,4086000000,1074000000,992084746,1311000000,1497000000,1692000000,186000000,1074000000,1380000000,0.3,"35,084,745.76",22665000000,7665000000,2567000000,2495000000,1807000000,1140000000,15000000000,4490000000,7214000000,-2724000000,2223000000,2223000000,8287000000,11581000000,8768000000,4887000000,4062000000,4062000000,3881000000,3881000000,2813000000,1399000000,1399000000,371000000,371000000,1043000000,11084000000,11084000000,22976000000,12483000000,11084000000,8861000000,-1103000000,16364000000,8861000000,5280000000,4973814668,4973814668,958000000,958000000,1074000000,186000000,186000000,39000000,39000000,-245000000,-245000000,-200000000,-215000000,-855000000,-855000000,-349000000,-57000000,30000000,-87000000,2495000000,-142000000,38000000,2599000000,-215000000,30000000,-87000000,743000000
6/30/2001,22.5,23.6,21.825001,22.299999,11.842658,0.969,96.938,Sell,146439600,111937032585,115363032585,36,5.421,11.194,21.795,67.385,5293000000,5293000000,1579000000,3714000000,2201000000,2201000000,1513000000,83000000,1597000000,479000000,1118000000,1118000000,1118000000,1118000000,1118000000,0.225,0.225,4976000000,4976000000,1513000000,3780000000,1118000000,1130601127,1513000000,1712000000,1579000000,199000000,1118000000,1730000000,0.3,"-5,398,872.89",22387000000,8044000000,2666000000,2599000000,1857000000,1196000000,14343000000,4141000000,6683000000,-2542000000,2074000000,2074000000,8128000000,11980000000,9170000000,5078000000,4051000000,4051000000,4092000000,4092000000,2810000000,1356000000,1356000000,439000000,439000000,1015000000,10407000000,10407000000,22351000000,11763000000,10407000000,8333000000,-1126000000,15855000000,8333000000,5448000000,4974979226,4974979226,1378000000,1378000000,1118000000,199000000,199000000,-38000000,-38000000,-196000000,-196000000,-138000000,-176000000,-1142000000,-1142000000,-669000000,-25000000,40000000,-65000000,2599000000,40000000,-57000000,2616000000,-176000000,40000000,-65000000,1202000000
3/31/2001,22.58,24.225,21.184999,23.094999,12.216757,0.799,79.925,Sell,186970000,112313687313,116072687313,51.318,5.49,12.056,25.915,79.176,4479000000,4479000000,1345000000,3134000000,1854000000,1854000000,1280000000,-23000000,1247000000,374000000,863000000,863000000,863000000,873000000,863000000,0.175,0.175,4972000000,4980000000,1280000000,3199000000,873000000,862498797,1280000000,1466000000,1345000000,186000000,873000000,1451000000,0.3,"4,498,797.11",22248000000,7763000000,2678000000,2616000000,1749000000,1120000000,14485000000,4190000000,6707000000,-2517000000,1914000000,1914000000,8381000000,12248000000,9491000000,4746000000,3978000000,3978000000,4745000000,4745000000,2757000000,1359000000,1359000000,392000000,392000000,1006000000,10000000000,10000000000,21679000000,11359000000,10000000000,8086000000,-1728000000,16104000000,8086000000,6104000000,4974033982,4974033982,717000000,717000000,863000000,186000000,186000000,-46000000,-46000000,-399000000,-399000000,-120000000,-137000000,471000000,471000000,453000000,18000000,85000000,-67000000,2616000000,789000000,8000000,1819000000,-137000000,85000000,-67000000,580000000
12/31/2000,30.46875,31.09375,27.59375,29,15.285267,0.963,96.337,Sell,174487800,151416390619,155060390619,80.182,7.416,15.375,31.626,149.097,4903000000,4903000000,1965000000,2938000000,2099000000,2671000000,839000000,-341000000,477000000,235000000,242000000,242000000,242000000,242000000,242000000,0.05,0.05,4966000000,4992000000,839000000,4064000000,242000000,446600000,839000000,1040000000,1965000000,201000000,242000000,1381000000,0.4,"-136,400,000",20834000000,6620000000,1892000000,1819000000,1757000000,1066000000,14214000000,4168000000,6614000000,-2446000000,1917000000,1917000000,8129000000,11518000000,9321000000,3905000000,3905000000,3905000000,4816000000,4816000000,2197000000,835000000,835000000,358000000,358000000,1004000000,9316000000,9316000000,21265000000,10151000000,9316000000,7399000000,-2701000000,14967000000,7399000000,5651000000,4969522814,4969522814,1006000000,1006000000,242000000,201000000,201000000,46000000,46000000,-229000000,-229000000,-134000000,-162000000,-1849000000,-1849000000,-1090000000,85000000,88000000,-3000000,1819000000,-1072000000,-54000000,2945000000,-162000000,88000000,-3000000,844000000
9/30/2000,27.625,30.46875,26.875,30.1875,15.866415,0.988,98.785,Sell,180461800,136676519224,141209519224,84.808,6.823,14.882,25.475,96.985,5543000000,5543000000,1607000000,3936000000,2609000000,2480000000,1327000000,184000000,1483000000,416000000,1067000000,1067000000,1067000000,1067000000,1067000000,0.215,0.215,4956000000,4978000000,1327000000,4216000000,1067000000,934614295,1327000000,1456000000,1607000000,129000000,1067000000,1272000000,0.281,"51,614,295.35",23141000000,7999000000,3106000000,2945000000,1802000000,1101000000,15142000000,4280000000,6784000000,-2504000000,1953000000,1953000000,8909000000,13293000000,11091000000,4520000000,4520000000,4520000000,5899000000,5899000000,2202000000,851000000,851000000,456000000,456000000,895000000,9848000000,9848000000,21446000000,10699000000,9848000000,7895000000,-3092000000,16598000000,7895000000,6750000000,4958785278,4958785278,1348000000,1348000000,1067000000,129000000,129000000,32000000,32000000,-17000000,-17000000,-146000000,-152000000,-1178000000,-1178000000,-843000000,86000000,93000000,-7000000,2945000000,153000000,-51000000,2843000000,-152000000,93000000,-7000000,1196000000
6/30/2000,28.90625,31.5,27.625,30.65625,16.061586,1.302,130.182,Buy,160374400,142245789363,146778789363,88.366,7.109,15.488,26.113,97.14,5621000000,5621000000,1451000000,4170000000,2885000000,2659000000,1285000000,78000000,1342000000,416000000,926000000,926000000,926000000,926000000,926000000,0.185,0.185,4950000000,4960000000,1285000000,4336000000,926000000,872178838,1285000000,1511000000,1451000000,226000000,926000000,1433000000,0.31,"24,178,837.56",23258000000,8110000000,3069000000,2843000000,1752000000,1194000000,15148000000,4282000000,6697000000,-2415000000,1953000000,1953000000,8913000000,14074000000,11837000000,4329000000,4329000000,4329000000,6750000000,6750000000,2237000000,852000000,852000000,501000000,501000000,884000000,9184000000,9184000000,20799000000,10036000000,9184000000,7231000000,-3727000000,16786000000,7231000000,7602000000,4953020278,4953020278,1062000000,1062000000,926000000,226000000,226000000,-21000000,-21000000,-524000000,-524000000,-184000000,-192000000,-119000000,-119000000,250000000,51000000,66000000,-15000000,2843000000,419000000,-30000000,2454000000,-192000000,66000000,-15000000,870000000
3/31/2000,23.625,26.1875,22.375,23.625,12.337753,0.826,82.572,Sell,240129800,116119362407,120800362407,71.118,5.896,13.044,27.511,264.333,4391000000,4391000000,1181000000,3210000000,2970000000,2753000000,240000000,-111000000,97000000,155000000,-58000000,-58000000,-58000000,-58000000,-58000000,-0.01,-0.01,4944000000,4944000000,240000000,4151000000,-58000000,8600000,240000000,457000000,1181000000,217000000,-58000000,568000000,0.4,"-44,400,000",22223000000,7425000000,2684000000,2454000000,1495000000,1223000000,14798000000,4262000000,6609000000,-2347000000,1959000000,1959000000,8577000000,13321000000,11127000000,3892000000,3892000000,3892000000,6512000000,6512000000,2194000000,853000000,853000000,491000000,491000000,850000000,8902000000,8902000000,20295000000,9755000000,8902000000,6943000000,-3702000000,16267000000,6943000000,7365000000,4947776318,4947776318,169000000,169000000,-58000000,217000000,217000000,-54000000,-54000000,-395000000,-395000000,-224000000,-227000000,1074000000,1074000000,1098000000,-24000000,84000000,-108000000,2454000000,848000000,-5000000,1611000000,-227000000,84000000,-108000000,-58000000
12/31/1999,29,33.4375,27.625,28.71875,14.941847,0.976,97.586,Sell,224495200,143969302000,148384302000,59.439,7.315,15.134,30.894,278.918,4803000000,4803000000,1153000000,3650000000,3301000000,3118000000,349000000,-96000000,230000000,275000000,-45000000,-45000000,-45000000,-45000000,-45000000,-0.01,-0.01,4896000000,5040000000,349000000,4454000000,-45000000,12600000,349000000,532000000,1153000000,183000000,-45000000,628000000,0.4,"-38,400,000",21623000000,6480000000,1812000000,1611000000,1798000000,1076000000,15143000000,4267000000,6471000000,-2204000000,1960000000,1960000000,8916000000,12110000000,9856000000,3714000000,3714000000,3714000000,5373000000,5373000000,2254000000,854000000,854000000,498000000,498000000,902000000,9513000000,9513000000,20773000000,10367000000,9513000000,7553000000,-3376000000,15740000000,7553000000,6227000000,4943152000,4943152000,987000000,987000000,-45000000,183000000,183000000,78000000,78000000,-480000000,-480000000,-260000000,-281000000,-531000000,-531000000,-133000000,42000000,48000000,-6000000,1611000000,-24000000,133000000,1502000000,-281000000,48000000,-6000000,706000000
9/30/1999,24.125,29.6875,23.65625,29.5,15.311415,0.977,97.704,Sell,218290200,119167994750,123856994750,38.911,6.168,12.586,23.842,94.692,5195000000,5195000000,1497000000,3698000000,2599000000,2390000000,1099000000,69000000,1141000000,354000000,787000000,787000000,787000000,787000000,787000000,0.16,0.16,4918750000,4918750000,1099000000,4096000000,787000000,739407537,1099000000,1308000000,1497000000,209000000,787000000,1239000000,0.31,"21,407,537.25",21746000000,6124000000,1637000000,1502000000,1871000000,882000000,15622000000,4439000000,6691000000,-2252000000,1992000000,1992000000,9191000000,12278000000,9686000000,3521000000,3521000000,3521000000,5218000000,5218000000,2592000000,1108000000,1108000000,603000000,603000000,881000000,9468000000,9468000000,21214000000,10576000000,9468000000,7476000000,-3562000000,15794000000,7476000000,6326000000,4939606000,4939606000,1145000000,1145000000,787000000,209000000,209000000,64000000,64000000,-1475000000,-1475000000,-244000000,-256000000,-350000000,-350000000,14000000,24000000,24000000,0,1502000000,-680000000,-31000000,2213000000,-256000000,24000000,0,889000000
6/30/1999,31.0625,32.75,30.125,30.28125,15.671298,0.892,89.197,Sell,139700600,154310437500,158153437500,48.828,8.184,17.008,29.402,98.538,5379000000,5379000000,1421000000,3958000000,2568000000,2353000000,1390000000,-10000000,1366000000,424000000,942000000,942000000,942000000,942000000,942000000,0.19,0.19,4957894737,4957894737,1390000000,3989000000,942000000,948896047,1390000000,1605000000,1421000000,215000000,942000000,1615000000,0.31,"-3,103,953.15",21217000000,7124000000,2364000000,2213000000,1913000000,937000000,14093000000,4276000000,6439000000,-2163000000,802000000,802000000,9015000000,12144000000,9542000000,3228000000,3228000000,3228000000,5103000000,5103000000,2602000000,1104000000,1104000000,566000000,566000000,932000000,9073000000,9073000000,20822000000,10177000000,9073000000,8271000000,-2418000000,15280000000,8271000000,6207000000,4937934000,4937934000,1414000000,1414000000,942000000,215000000,215000000,-30000000,-30000000,-954000000,-954000000,-298000000,-304000000,185000000,185000000,555000000,44000000,48000000,-4000000,2213000000,645000000,-25000000,1593000000,-304000000,48000000,-4000000,1110000000
3/31/1999,30.6875,34.71875,28.8125,34.03125,17.569397,1.045,104.476,Buy,192355600,151430598875,155329598875,44.475,8.143,17.841,35.079,116.877,4428000000,4428000000,1146000000,3282000000,2138000000,1953000000,1144000000,-49000000,1082000000,335000000,747000000,747000000,747000000,747000000,747000000,0.15,0.15,4932000000,4974000000,1144000000,3284000000,747000000,780829020,1144000000,1329000000,1146000000,185000000,747000000,1378000000,0.31,"-15,170,979.67",19482000000,6252000000,1754000000,1593000000,1601000000,931000000,13230000000,4137000000,6228000000,-2091000000,762000000,762000000,8331000000,10994000000,8833000000,2932000000,2932000000,2932000000,4959000000,4959000000,2161000000,694000000,694000000,555000000,555000000,912000000,8488000000,8488000000,20274000000,9182000000,8488000000,7726000000,-2581000000,14141000000,7726000000,5653000000,4934602000,4934602000,337000000,337000000,747000000,185000000,185000000,-15000000,-15000000,-512000000,-512000000,-222000000,-228000000,225000000,225000000,520000000,43000000,48000000,-5000000,1593000000,50000000,-105000000,1648000000,-228000000,48000000,-5000000,109000000
12/31/1998,33.5,35.1875,29.78125,32.65625,16.816618,0.969,96.868,Sell,179445200,165189639000,168531639000,47.183,8.889,19.658,37.804,151.694,4458000000,4458000000,1125000000,3333000000,2396000000,2222000000,937000000,-52000000,865000000,268000000,597000000,597000000,597000000,597000000,597000000,0.12,0.12,4928000000,4980000000,937000000,3521000000,597000000,632889017,937000000,1111000000,1125000000,174000000,597000000,1163000000,0.31,"-16,110,982.66",19145000000,6380000000,1807000000,1648000000,1666000000,890000000,12765000000,3669000000,5685000000,-2016000000,547000000,547000000,8549000000,10742000000,8640000000,3141000000,3141000000,3141000000,4462000000,4462000000,2102000000,687000000,687000000,424000000,424000000,991000000,8403000000,8403000000,19922000000,9090000000,8403000000,7856000000,-2260000000,13552000000,7856000000,5149000000,4931034000,4931034000,829000000,829000000,597000000,174000000,174000000,-63000000,-63000000,-1037000000,-1037000000,-226000000,-251000000,104000000,104000000,493000000,2000000,106000000,-104000000,1648000000,-104000000,6000000,1746000000,-251000000,106000000,-104000000,578000000
9/30/1998,28.5625,35.3125,27.6875,33.78125,17.360348,0.841,84.136,Sell,195696600,141271192125,144065192125,37.997,7.529,17.971,30.349,103.793,4747000000,4747000000,1295000000,3452000000,2215000000,2064000000,1237000000,66000000,1287000000,399000000,888000000,888000000,888000000,888000000,888000000,0.18,0.18,4928000000,4984000000,1237000000,3510000000,888000000,842461538,1237000000,1388000000,1295000000,151000000,888000000,1322000000,0.31,"20,461,538.46",17871000000,5996000000,1829000000,1746000000,1594000000,900000000,11875000000,3566000000,5623000000,-2057000000,613000000,613000000,7696000000,10010000000,7840000000,2863000000,2863000000,2863000000,3935000000,3935000000,2170000000,688000000,688000000,540000000,540000000,942000000,7861000000,7861000000,19694000000,8549000000,7861000000,7248000000,-1844000000,12484000000,7248000000,4623000000,4924486000,4924486000,957000000,957000000,888000000,151000000,151000000,24000000,24000000,-346000000,-346000000,-193000000,-202000000,-899000000,-899000000,-18000000,-521000000,59000000,-580000000,1746000000,-288000000,7000000,2027000000,-202000000,59000000,-580000000,755000000
6/30/1998,42.75,44.46875,39.6875,40.25,20.633707,1.063,106.292,Buy,115400200,210933544500,213437544500,55.161,11.123,26.416,41.436,127.122,5151000000,5151000000,1331000000,3820000000,2309000000,2141000000,1511000000,304000000,1803000000,612000000,1191000000,1191000000,1191000000,1191000000,1191000000,0.24,0.24,4938000000,5002000000,1511000000,3640000000,1191000000,990188020,1511000000,1679000000,1331000000,168000000,1191000000,1375000000,0.339,"103,188,019.97",18256000000,6930000000,2153000000,2027000000,1706000000,919000000,11326000000,3456000000,5445000000,-1989000000,615000000,615000000,7255000000,10271000000,8005000000,2770000000,2770000000,2770000000,3971000000,3971000000,2266000000,686000000,686000000,547000000,547000000,1033000000,7985000000,7985000000,19177000000,8671000000,7985000000,7370000000,-1075000000,12642000000,7370000000,4657000000,4934118000,4934118000,1136000000,1136000000,1191000000,168000000,168000000,11000000,11000000,-293000000,-293000000,-211000000,-225000000,-697000000,-697000000,195000000,-519000000,66000000,-585000000,2027000000,146000000,-7000000,1888000000,-225000000,66000000,-585000000,911000000
3/31/1998,38.71875,40.6875,35.9375,37.9375,19.412325,1.174,117.424,Buy,131553800,191330712880,193795712880,48.703,10.133,25.047,43.481,135.143,4457000000,4457000000,1166000000,3291000000,2009000000,1857000000,1282000000,-29000000,1243000000,386000000,857000000,857000000,857000000,857000000,857000000,0.175,0.17,4942000000,5004000000,1282000000,3175000000,857000000,876994368,1282000000,1434000000,1166000000,152000000,857000000,1463000000,0.311,"-9,005,631.54",17299000000,6136000000,2005000000,1888000000,1580000000,949000000,11163000000,3577000000,5623000000,-2046000000,755000000,755000000,6831000000,9660000000,7500000000,2713000000,2713000000,2713000000,3781000000,3781000000,2160000000,689000000,689000000,489000000,489000000,982000000,7639000000,7639000000,18356000000,8328000000,7639000000,6884000000,-1364000000,12109000000,6884000000,4470000000,4941520000,4941520000,511000000,511000000,857000000,152000000,152000000,-10000000,-10000000,-485000000,-485000000,-179000000,-185000000,159000000,159000000,738000000,-223000000,71000000,-294000000,1888000000,185000000,-34000000,1737000000,-185000000,71000000,-294000000,326000000
12/31/1997,33.34375,33.5,31.125,32.375,16.531826,1.146,114.599,Buy,124724400,164761306752,166899306752,40.663,8.889,22.536,35.503,123.721,4701000000,4701000000,1276000000,3425000000,2252000000,2076000000,1173000000,81000000,1184000000,367000000,817000000,817000000,817000000,817000000,817000000,0.165,0.165,4942000000,5018000000,1173000000,3528000000,817000000,761107264,1173000000,1349000000,1276000000,176000000,817000000,1268000000,0.31,"25,107,263.51",16940000000,5969000000,1737000000,1737000000,1639000000,959000000,10971000000,3743000000,5771000000,-2028000000,727000000,727000000,6501000000,9629000000,7379000000,3249000000,3249000000,3249000000,3074000000,3074000000,2250000000,801000000,801000000,448000000,448000000,1001000000,7311000000,7311000000,17869000000,8112000000,7311000000,6584000000,-1410000000,11186000000,6584000000,3875000000,4941258000,4941258000,589000000,589000000,817000000,176000000,176000000,437000000,437000000,-763000000,-763000000,-300000000,-317000000,-160000000,-160000000,796000000,-264000000,41000000,-305000000,1737000000,-334000000,-39000000,2110000000,-317000000,41000000,-305000000,272000000
9/30/1997,30.5,32.125,25,28.3125,14.4258,0.821,82.116,Sell,203189400,150878742000,151814742000,37.423,8.234,20.722,30.645,109.062,4954000000,4954000000,1510000000,3444000000,2201000000,2052000000,1243000000,320000000,1505000000,494000000,1011000000,1011000000,1011000000,1011000000,1011000000,0.205,0.2,4956000000,5030000000,1243000000,3711000000,1011000000,796036545,1243000000,1392000000,1510000000,149000000,1011000000,1072000000,0.328,"105,036,544.85",17402000000,6679000000,2110000000,2110000000,1758000000,1056000000,10723000000,3764000000,5812000000,-2048000000,706000000,706000000,6253000000,10121000000,7331000000,3565000000,3565000000,3565000000,2099000000,2099000000,2790000000,947000000,947000000,414000000,414000000,1429000000,7281000000,7281000000,17396000000,8228000000,7281000000,6575000000,-652000000,10327000000,6575000000,3046000000,4946844000,4946844000,1316000000,1316000000,1011000000,149000000,149000000,-44000000,-44000000,168000000,168000000,-294000000,-304000000,-1871000000,-1871000000,-1004000000,-519000000,33000000,-552000000,2110000000,-387000000,-55000000,2552000000,-304000000,33000000,-552000000,1012000000
6/30/1997,34,35.96875,33.875,34.5625,17.567528,1.089,108.867,Buy,131737400,172988788500,174521788500,43.594,9.612,23.815,34.389,108.669,5075000000,5075000000,1446000000,3629000000,2186000000,2023000000,1443000000,554000000,1935000000,621000000,1314000000,1314000000,1314000000,1314000000,1314000000,0.265,0.26,4960000000,5038000000,1443000000,3632000000,1314000000,937795349,1443000000,1606000000,1446000000,163000000,1314000000,1052000000,0.321,"177,795,348.84",18323000000,7583000000,2552000000,2552000000,1941000000,1130000000,10740000000,3774000000,5894000000,-2120000000,814000000,814000000,6152000000,11059000000,8340000000,3591000000,3591000000,3591000000,3133000000,3133000000,2719000000,952000000,952000000,322000000,322000000,1445000000,7264000000,7264000000,16735000000,8216000000,7264000000,6450000000,-757000000,11349000000,6450000000,4085000000,4960252000,4960252000,1224000000,1224000000,1314000000,163000000,163000000,150000000,150000000,-457000000,-457000000,-234000000,-263000000,-193000000,-193000000,300000000,-146000000,41000000,-187000000,2552000000,574000000,43000000,1935000000,-263000000,41000000,-187000000,961000000
3/31/1997,27.875,31.875,26.375,31.8125,16.136629,1.102,110.184,Buy,151059200,138226996000,140079996000,36.921,7.541,21.004,33.852,109.437,4138000000,4138000000,1157000000,2981000000,1839000000,1701000000,1142000000,357000000,1431000000,444000000,987000000,987000000,987000000,987000000,987000000,0.2,0.195,4960000000,5038000000,1142000000,2996000000,987000000,740767296,1142000000,1280000000,1157000000,138000000,987000000,923000000,0.31,"110,767,295.60",16359000000,6340000000,1935000000,1935000000,1697000000,1051000000,10019000000,3619000000,5689000000,-2070000000,818000000,818000000,5582000000,9778000000,7310000000,3104000000,3104000000,3104000000,2839000000,2839000000,2468000000,949000000,949000000,219000000,219000000,1300000000,6581000000,6581000000,15764000000,7530000000,6581000000,5763000000,-970000000,10369000000,5763000000,3788000000,4958816000,4958816000,904000000,904000000,987000000,138000000,138000000,-163000000,-163000000,552000000,552000000,-194000000,-209000000,-871000000,-871000000,-688000000,-183000000,35000000,-218000000,1935000000,585000000,-83000000,1433000000,-209000000,35000000,-218000000,695000000
12/31/1996,26.25,30.125,25.5625,28.9375,14.645173,1.149,114.883,Buy,160477000,130562256625,133642256625,37.589,7.085,21.209,30.079,114.714,4443000000,4443000000,1369000000,3074000000,2028000000,1909000000,1046000000,134000000,1104000000,342000000,762000000,762000000,762000000,762000000,762000000,0.155,0.15,4970000000,5202000000,1046000000,3397000000,762000000,669510870,1046000000,1165000000,1369000000,119000000,762000000,1031000000,0.31,"41,510,869.57",16161000000,5910000000,1433000000,1433000000,1641000000,952000000,10251000000,3550000000,5581000000,-2031000000,753000000,753000000,5948000000,10005000000,7406000000,2972000000,2972000000,2972000000,3397000000,3397000000,2599000000,1116000000,1116000000,301000000,301000000,1182000000,6156000000,6156000000,15127000000,7272000000,6156000000,5403000000,-1496000000,10669000000,5403000000,4513000000,4961986000,4961986000,819000000,819000000,762000000,119000000,119000000,-273000000,-273000000,-683000000,-683000000,-271000000,-308000000,-886000000,-886000000,256000000,-519000000,50000000,-569000000,1433000000,-750000000,17000000,2166000000,-308000000,50000000,-569000000,511000000
9/30/1996,25.4375,25.4375,23.8125,25.25,12.747848,1.08,107.991,Buy,135854600,126625890875,128730890875,38.109,6.915,20.309,27.648,222.333,4656000000,4656000000,1689000000,2967000000,2513000000,2388000000,454000000,550000000,937000000,-30000000,967000000,967000000,967000000,967000000,967000000,0.195,0.19,4984000000,4984000000,454000000,4202000000,967000000,637000000,454000000,579000000,1689000000,125000000,967000000,29000000,0.4,"220,000,000",15874000000,6360000000,2166000000,2166000000,1586000000,1075000000,9514000000,3591000000,5723000000,-2132000000,577000000,577000000,5346000000,9639000000,7128000000,2912000000,2912000000,2912000000,3135000000,3135000000,2511000000,1136000000,1136000000,212000000,212000000,1163000000,6235000000,6235000000,14671000000,7371000000,6235000000,5658000000,-768000000,10506000000,5658000000,4271000000,4977922000,4977922000,1066000000,1066000000,967000000,125000000,125000000,87000000,87000000,96000000,96000000,-281000000,-302000000,-745000000,-745000000,-137000000,-297000000,18000000,-315000000,2166000000,417000000,-25000000,1774000000,-302000000,18000000,-315000000,764000000
6/30/1996,24.5,24.9375,22.125,23.4375,11.804535,1.153,115.337,Buy,129717000,122196592000,124904592000,40.329,6.731,22.057,23.778,82.993,5253000000,5253000000,1783000000,3470000000,2088000000,1965000000,1382000000,211000000,1522000000,472000000,1050000000,1050000000,1050000000,1050000000,1050000000,0.21,0.21,5000000000,5000000000,1382000000,3871000000,1050000000,904434954,1382000000,1505000000,1783000000,123000000,1050000000,1294000000,0.31,"65,434,954.01",16523000000,6570000000,1774000000,1774000000,2151000000,1291000000,9953000000,4461000000,6844000000,-2383000000,1013000000,1013000000,4479000000,10587000000,8140000000,3095000000,3095000000,3095000000,3328000000,3328000000,2447000000,1144000000,1144000000,212000000,212000000,1091000000,5936000000,5936000000,14020000000,7080000000,5936000000,4923000000,-1570000000,10408000000,4923000000,4472000000,4987616000,4987616000,925000000,925000000,1050000000,123000000,123000000,75000000,75000000,-267000000,-267000000,-228000000,-235000000,-455000000,-455000000,165000000,-307000000,24000000,-331000000,1774000000,203000000,-11000000,1582000000,-235000000,24000000,-331000000,690000000
3/31/1996,20.78125,21.125,19.5625,20.375,10.234785,1.085,108.46,Buy,146452800,103399848750,106296848750,34.916,5.814,19.177,25.345,92.836,4194000000,4194000000,1418000000,2776000000,1743000000,1631000000,1033000000,72000000,1033000000,320000000,713000000,713000000,713000000,713000000,713000000,0.14,0.14,5006000000,5006000000,1033000000,3161000000,713000000,663303969,1033000000,1145000000,1418000000,112000000,713000000,1073000000,0.31,"22,303,969.02",15627000000,5964000000,1582000000,1582000000,1806000000,1190000000,9663000000,4313000000,6643000000,-2330000000,963000000,963000000,4387000000,10087000000,7745000000,2920000000,2920000000,2920000000,3141000000,3141000000,2342000000,1149000000,1149000000,180000000,180000000,1013000000,5540000000,5540000000,13282000000,6689000000,5540000000,4577000000,-1781000000,9830000000,4577000000,4290000000,4998180000,4998180000,653000000,653000000,713000000,112000000,112000000,-34000000,-34000000,-196000000,-196000000,-129000000,-145000000,-16000000,-16000000,258000000,-274000000,32000000,-306000000,1582000000,441000000,-26000000,1167000000,-145000000,32000000,-306000000,508000000
12/31/1995,18.5625,19,18.03125,18.84375,9.436478,1.052,105.177,Buy,138021600,92983200750,95228200750,32.283,5.338,17.654,21.977,89.332,4333000000,4333000000,1553000000,2780000000,1831000000,1714000000,949000000,56000000,925000000,277000000,648000000,648000000,648000000,648000000,648000000,0.125,0.12,5008000000,5200000000,949000000,3384000000,648000000,608769730,949000000,1066000000,1553000000,117000000,648000000,1010000000,0.299,"16,769,729.73",15041000000,5450000000,1167000000,1167000000,1750000000,1117000000,9591000000,4336000000,6657000000,-2321000000,944000000,944000000,4311000000,9649000000,7348000000,2894000000,2894000000,2894000000,2923000000,2923000000,2301000000,1141000000,1141000000,194000000,194000000,966000000,5392000000,5392000000,12882000000,6533000000,5392000000,4448000000,-1898000000,9456000000,4448000000,4064000000,5009196000,5009196000,814000000,814000000,648000000,117000000,117000000,143000000,143000000,-551000000,-551000000,-230000000,-229000000,-876000000,-876000000,31000000,-355000000,24000000,-379000000,1167000000,-613000000,7000000,1773000000,-229000000,24000000,-379000000,585000000
9/30/1995,17.25,18.46875,17.09375,17.96875,8.97204,1.099,109.898,Buy,129486400,86607834000,89004834000,31.364,5.117,16.35,18.183,79.186,4895000000,4895000000,1831000000,3064000000,2058000000,1940000000,1006000000,228000000,1168000000,366000000,802000000,802000000,802000000,802000000,802000000,0.16,0.16,5036000000,5036000000,1006000000,3889000000,802000000,645445205,1006000000,1124000000,1831000000,118000000,802000000,896000000,0.313,"71,445,205.48",15094000000,6112000000,1773000000,1773000000,1701000000,1203000000,8982000000,4217000000,6512000000,-2295000000,672000000,672000000,4093000000,9827000000,7815000000,3075000000,3075000000,3075000000,3138000000,3138000000,2012000000,880000000,880000000,179000000,179000000,953000000,5267000000,5267000000,12507000000,6147000000,5267000000,4595000000,-1703000000,9285000000,4595000000,4018000000,5020744000,5020744000,1215000000,1215000000,802000000,118000000,118000000,10000000,10000000,-224000000,-224000000,-232000000,-250000000,-720000000,-720000000,59000000,-501000000,14000000,-515000000,1773000000,271000000,-136000000,1638000000,-250000000,14000000,-515000000,965000000
6/30/1995,15.9375,16.71875,15.78125,16.40625,8.163978,1.133,113.317,Buy,106394400,80456133750,82853133750,28.977,4.727,15.189,16.785,60.609,4936000000,4936000000,1767000000,3169000000,1911000000,1802000000,1258000000,115000000,1304000000,406000000,898000000,898000000,898000000,898000000,898000000,0.18,0.18,5060000000,5060000000,1258000000,3678000000,898000000,818805215,1258000000,1367000000,1767000000,109000000,898000000,1252000000,0.311,"35,805,214.72",15145000000,6370000000,1638000000,1638000000,1875000000,1327000000,8775000000,4259000000,6530000000,-2271000000,693000000,693000000,3823000000,9848000000,7893000000,3098000000,3098000000,3098000000,3143000000,3143000000,1955000000,892000000,892000000,145000000,145000000,918000000,5297000000,5297000000,11994000000,6189000000,5297000000,4604000000,-1523000000,9332000000,4604000000,4035000000,5048228000,5048228000,738000000,738000000,898000000,109000000,109000000,5000000,5000000,-244000000,-244000000,-225000000,-230000000,-152000000,-152000000,565000000,-437000000,25000000,-462000000,1638000000,342000000,20000000,1276000000,-230000000,25000000,-462000000,508000000
3/31/1995,14.09375,14.71875,14.03125,14.53125,7.204547,1.112,111.155,Buy,95801200,71530770816,73701770816,27.104,4.351,13.933,19.123,74.522,3854000000,3854000000,1335000000,2519000000,1640000000,1530000000,879000000,109000000,931000000,293000000,638000000,638000000,638000000,638000000,638000000,0.125,0.125,5088000000,5088000000,879000000,2975000000,638000000,563303974,879000000,989000000,1335000000,110000000,638000000,880000000,0.315,"34,303,974.22",13971000000,5337000000,1276000000,1276000000,1509000000,1188000000,8634000000,4140000000,6326000000,-2186000000,689000000,689000000,3805000000,8837000000,6601000000,2837000000,2837000000,2837000000,2222000000,2222000000,2236000000,1225000000,1225000000,124000000,124000000,887000000,5134000000,5134000000,11361000000,6359000000,5134000000,4445000000,-1264000000,8581000000,4445000000,3447000000,5075264000,5075264000,348000000,348000000,638000000,110000000,110000000,-1000000,-1000000,6000000,6000000,-206000000,-228000000,-530000000,-530000000,-113000000,-417000000,23000000,-440000000,1276000000,-176000000,66000000,1386000000,-228000000,23000000,-440000000,120000000
12/31/1994,12.875,13.1875,12.1875,13.125,6.481538,1.046,104.613,Buy,138054400,65710549500,67234549500,27.394,4.319,11.724,16.738,68.189,4017000000,4017000000,1378000000,2639000000,1773000000,1653000000,866000000,17000000,828000000,261000000,567000000,567000000,567000000,567000000,567000000,0.11,0.11,5124000000,5172000000,866000000,3151000000,567000000,555358696,866000000,986000000,1378000000,120000000,567000000,969000000,0.315,"5,358,695.65",13873000000,5205000000,1386000000,1386000000,1525000000,1047000000,8668000000,4080000000,6157000000,-2077000000,660000000,660000000,3928000000,8638000000,6177000000,2564000000,2564000000,2564000000,2083000000,2083000000,2461000000,1426000000,1426000000,180000000,180000000,855000000,5235000000,5235000000,11006000000,6661000000,5235000000,4575000000,-972000000,8744000000,4575000000,3509000000,5103732000,5103732000,794000000,794000000,567000000,120000000,120000000,43000000,43000000,-212000000,-212000000,-240000000,-309000000,-933000000,-933000000,211000000,-642000000,7000000,-649000000,1386000000,-351000000,-16000000,1753000000,-309000000,7000000,-649000000,485000000
9/30/1994,12.15625,12.8125,12,12.59375,6.195756,1.14,114.003,Buy,133854400,62616697875,64140697875,25.864,4.078,11.172,14.378,58.416,4461000000,4461000000,1662000000,2799000000,1799000000,1701000000,1000000000,84000000,1033000000,325000000,708000000,708000000,708000000,708000000,708000000,0.14,0.14,5156000000,5156000000,1000000000,3461000000,708000000,650427880,1000000000,1098000000,1662000000,98000000,708000000,1014000000,0.315,"26,427,879.96",13950000000,5592000000,1753000000,1753000000,1375000000,1116000000,8358000000,3996000000,6113000000,-2117000000,662000000,662000000,3700000000,8345000000,5943000000,2784000000,2784000000,2784000000,1795000000,1795000000,2402000000,1482000000,1482000000,126000000,126000000,794000000,5605000000,5605000000,10688000000,7087000000,5605000000,4943000000,-351000000,8882000000,4943000000,3277000000,5150988000,5150988000,1133000000,1133000000,708000000,98000000,98000000,-1000000,-1000000,-274000000,-274000000,-192000000,-205000000,-360000000,-360000000,-206000000,-120000000,21000000,-141000000,1753000000,499000000,33000000,1221000000,-205000000,21000000,-141000000,928000000
6/30/1994,10.25,11.125,10.25,11.09375,5.434728,1.068,106.785,Buy,120258800,52402350000,54653350000,22.823,3.634,10.046,12.587,46.633,4342000000,4342000000,1565000000,2777000000,1707000000,1605000000,1070000000,87000000,1107000000,349000000,758000000,758000000,758000000,758000000,758000000,0.15,0.15,5168000000,5168000000,1070000000,3272000000,758000000,698428184,1070000000,1172000000,1565000000,102000000,758000000,1085000000,0.315,"27,428,184.28",13401000000,5293000000,1221000000,1221000000,1534000000,1166000000,8108000000,3985000000,6027000000,-2042000000,568000000,568000000,3555000000,8185000000,5838000000,2496000000,2496000000,2496000000,2001000000,2001000000,2347000000,1471000000,1471000000,133000000,133000000,743000000,5216000000,5216000000,10231000000,6687000000,5216000000,4648000000,-545000000,8688000000,4648000000,3472000000,5159616000,5159616000,913000000,913000000,758000000,102000000,102000000,8000000,8000000,-286000000,-286000000,-169000000,-179000000,-380000000,-380000000,116000000,-213000000,23000000,-236000000,1221000000,247000000,15000000,959000000,-179000000,23000000,-236000000,734000000
3/31/1994,10.15625,10.46875,9.71875,10.4375,5.089425,1.026,102.629,Buy,125233200,52594100000,54960100000,23.897,3.761,10.921,16.396,63.685,3352000000,3352000000,1151000000,2201000000,1429000000,1338000000,772000000,31000000,760000000,239000000,521000000,521000000,521000000,521000000,521000000,0.1,0.1,5184000000,5184000000,772000000,2580000000,521000000,499748684,772000000,863000000,1151000000,91000000,521000000,832000000,0.314,"9,748,684.21",12409000000,4568000000,959000000,959000000,1270000000,1071000000,7841000000,3824000000,5764000000,-1940000000,550000000,550000000,3467000000,7593000000,5292000000,2130000000,2130000000,2130000000,1885000000,1885000000,2301000000,1440000000,1440000000,130000000,130000000,731000000,4816000000,4816000000,9726000000,6256000000,4816000000,4266000000,-724000000,8141000000,4266000000,3325000000,5178496000,5178496000,343000000,343000000,521000000,91000000,91000000,8000000,8000000,-265000000,-265000000,-168000000,-185000000,-119000000,-119000000,216000000,-148000000,18000000,-166000000,959000000,-41000000,2000000,998000000,-185000000,18000000,-166000000,158000000
12/31/1993,11.15625,11.1875,10.03125,10.21875,4.959059,0.946,94.617,Sell,141999200,57898840125,60000840125,26.883,4.191,12.631,17.789,81.745,3373000000,3373000000,1163000000,2210000000,1573000000,1476000000,637000000,86000000,679000000,213000000,454000000,454000000,454000000,466000000,454000000,0.09,0.085,5069264069,5318948521,637000000,2736000000,466000000,406977909,637000000,734000000,1163000000,97000000,466000000,648000000,0.314,"26,977,908.69",12021000000,4434000000,998000000,998000000,1243000000,1049000000,7587000000,3729000000,5596000000,-1867000000,549000000,549000000,3309000000,7437000000,5171000000,2217000000,2217000000,2217000000,1672000000,1672000000,2266000000,1428000000,1428000000,113000000,113000000,725000000,4584000000,4584000000,9458000000,6012000000,4584000000,4035000000,-737000000,7684000000,4035000000,3100000000,5189812000,5189812000,630000000,630000000,466000000,97000000,97000000,-81000000,-81000000,-305000000,-305000000,-347000000,-218000000,-336000000,-336000000,15000000,-111000000,7000000,-118000000,0,-11000000,-31000000,0,-218000000,7000000,-118000000,412000000
9/30/1993,10.5625,11.0625,10.25,10.84375,5.241195,1.007,100.686,Buy,110708000,54884228750,56955228750,29.754,4.066,12.213,15.694,56.559,3629000000,3629000000,1165000000,2464000000,1635000000,1457000000,829000000,79000000,870000000,280000000,590000000,590000000,590000000,590000000,590000000,0.115,0.115,5130434783,5130434783,829000000,2800000000,590000000,536425287,829000000,1007000000,1253000000,90000000,590000000,928000000,0.322,"25,425,287.36",11665000000,4452000000,1040000000,1040000000,1197000000,1078000000,7213000000,3711000000,5551000000,-1840000000,439000000,439000000,3063000000,7171000000,4930000000,2138000000,2138000000,2138000000,1632000000,1632000000,2241000000,1479000000,1479000000,70000000,70000000,692000000,4494000000,4494000000,9223000000,5973000000,4494000000,4055000000,-478000000,7605000000,4055000000,3111000000,5196140000,5196140000,868000000,868000000,590000000,90000000,90000000,38000000,38000000,-116000000,-116000000,-79000000,-184000000,-636000000,-636000000,-306000000,-109000000,17000000,-126000000,0,116000000,-9000000,0,-184000000,17000000,-126000000,684000000
6/30/1993,10.75,11.1875,10.46875,10.8125,5.205487,1.103,110.303,Buy,95362800,55947214000,58500214000,31.159,4.185,13.139,15.004,56.035,3899000000,3899000000,1379000000,2520000000,1561000000,1476000000,959000000,61000000,980000000,302000000,678000000,678000000,678000000,678000000,678000000,0.13,0.13,5215384615,5215384615,959000000,2940000000,678000000,635797959,959000000,1044000000,1379000000,85000000,678000000,983000000,0.308,"18,797,959.18",11848000000,4876000000,933000000,933000000,1383000000,1115000000,6972000000,3729000000,5545000000,-1816000000,436000000,436000000,2807000000,7590000000,5711000000,2219000000,2219000000,2219000000,2323000000,2323000000,1879000000,1163000000,1163000000,36000000,36000000,680000000,4258000000,4258000000,8855000000,5421000000,4258000000,3822000000,-835000000,7744000000,3822000000,3486000000,5204392000,5204392000,751000000,751000000,678000000,85000000,85000000,-35000000,-35000000,-319000000,-319000000,-182000000,-189000000,-282000000,-282000000,163000000,-223000000,106000000,-329000000,0,150000000,9000000,0,-189000000,106000000,-329000000,562000000
3/31/1993,10.65625,10.78125,9.375,9.84375,4.719271,0.933,93.283,Sell,209047200,55628608750,57969608750,32.788,4.27,14.041,18.969,75.777,3056000000,3056000000,1005000000,2051000000,1374000000,1286000000,677000000,25000000,656000000,202000000,454000000,454000000,454000000,454000000,454000000,0.09,0.09,5044444444,5044444444,677000000,2379000000,454000000,436698171,677000000,765000000,1005000000,88000000,454000000,740000000,0.308,"7,698,170.73",10945000000,4135000000,774000000,774000000,1072000000,1071000000,6810000000,3577000000,5332000000,-1755000000,411000000,411000000,2822000000,6983000000,5137000000,2030000000,2030000000,2030000000,1987000000,1987000000,1846000000,1128000000,1128000000,55000000,55000000,663000000,3962000000,3962000000,8398000000,5090000000,3962000000,3551000000,-1002000000,7077000000,3551000000,3115000000,5220280000,5220280000,259000000,259000000,454000000,88000000,88000000,16000000,16000000,-145000000,-145000000,-192000000,-209000000,-286000000,-286000000,6000000,-92000000,15000000,-107000000,0,-172000000,-10000000,956000000,-209000000,15000000,-107000000,50000000
12/31/1992,10.46875,11.03125,10,10.59375,5.059099,1.047,104.667,Buy,111539200,54721035625,56972835625,33.77,4.299,14.073,17.562,86.809,3244100000,3244100000,1190900000,2053200000,1469900000,1396900000,583300000,12600000,552700000,173600000,159700000,159700000,159700000,379100000,159700000,0.03,0.025,5296290727,5637181664,583300000,2660800000,379100000,370457590,583300000,656300000,1190900000,73000000,379100000,643700000,0.314,"3,957,590.01",11051900000,4247700000,955600000,955600000,1085600000,1018600000,6804200000,3526300000,5242900000,-1716600000,383300000,383300000,2894600000,7163500000,5303200000,2253000000,2253000000,2253000000,2087300000,2087300000,1860300000,1120100000,1120100000,81600000,81600000,658600000,3888400000,3888400000,8165000000,5008500000,3888400000,3505100000,-1055500000,7095800000,3505100000,3207400000,5227084000,5227084000,781000000,781000000,379100000,73000000,73000000,-80200000,-80200000,-719900000,-719900000,-379500000,-339700000,93900000,93900000,791100000,-328700000,71800000,-400500000,0,155000000,-40500000,0,-339700000,71800000,-400500000,441300000
9/30/1992,10.125,10.40625,9.125,10.15625,4.833506,0.973,97.327,Sell,167705600,53144910000,54744710000,29.348,4.315,11.564,15.608,63.657,3507500000,3507500000,1296300000,2211200000,1440200000,1351200000,771000000,58900000,788000000,247400000,540600000,540600000,540600000,540600000,540600000,0.105,0.105,5148571429,5148571429,771000000,2736500000,540600000,500192208,771000000,860000000,1296300000,89000000,540600000,801100000,0.314,"18,492,208.12",10727300000,4238100000,841200000,841200000,1189200000,1051900000,6489200000,3392200000,5159400000,-1767200000,397600000,397600000,2699400000,6131400000,4366600000,2232200000,2232200000,2232200000,1439100000,1439100000,1764800000,1001900000,1001900000,248600000,248600000,514300000,4595900000,4595900000,8377200000,5597800000,4595900000,4198300000,-128500000,7036900000,4198300000,2441000000,5248880000,5248880000,852000000,852000000,540600000,89000000,89000000,25900000,25900000,-399000000,-399000000,-335500000,-341500000,-611300000,-611300000,-290100000,-136800000,18100000,-154900000,0,-158300000,12400000,0,-341500000,18100000,-154900000,510500000
6/30/1992,10,10.84375,9.9375,10.46875,4.96624,1.012,101.228,Buy,133098800,52591760000,54227060000,29.851,4.301,12.115,15.274,58.751,3550400000,3550400000,1287100000,2263300000,1426800000,1340300000,836500000,54600000,846900000,265900000,581000000,581000000,581000000,581000000,581000000,0.11,0.11,5281818182,5281818182,836500000,2713900000,581000000,543542685,836500000,923000000,1287100000,86500000,581000000,868400000,0.314,"17,142,685.09",10881500000,4704200000,987000000,987000000,1435900000,1091100000,6177300000,3143700000,4845000000,-1701300000,385600000,385600000,2648000000,6540600000,4840200000,2332400000,2332400000,2332400000,1662700000,1662700000,1700400000,959600000,959600000,223400000,223400000,517400000,4340900000,4340900000,8019600000,5300500000,4340900000,3955300000,-136000000,6963200000,3955300000,2622300000,5259176000,5259176000,530400000,530400000,581000000,86500000,86500000,-600000,-600000,-288700000,-288700000,-407900000,-220100000,-193500000,-193500000,241200000,-249500000,8700000,-258200000,0,48200000,18000000,0,-220100000,8700000,-258200000,310300000
3/31/1992,10.21875,10.546875,9.890625,10.375,4.905971,1.075,107.478,Buy,154700800,53960559000,55390659000,32.44,4.595,13.15,19.983,84.851,2771900000,2771900000,958100000,1813800000,1234400000,1161000000,579400000,21300000,558500000,175400000,383100000,383100000,383100000,383100000,383100000,0.075,0.075,5108000000,5108000000,579400000,2192500000,383100000,368489382,579400000,652800000,958100000,73400000,383100000,631500000,0.314,"6,689,382.27",10064400000,4290700000,920800000,920800000,1092500000,1107600000,5773700000,2929700000,4543100000,-1613400000,372200000,372200000,2471800000,5960900000,4261000000,1951000000,1951000000,1951000000,1385700000,1385700000,1699900000,965200000,965200000,224400000,224400000,510300000,4103500000,4103500000,7623000000,5068700000,4103500000,3731300000,29700000,6454400000,3731300000,2350900000,5280544000,5280544000,69000000,69000000,383100000,73400000,73400000,28300000,28300000,48100000,48100000,86700000,-182000000,-206500000,-206500000,206600000,-413200000,32700000,-445900000,0,-89400000,-48000000,1058300000,-182000000,32700000,-445900000,-113000000
12/31/1991,10.03125,10.421875,8.890625,9.6875,4.564611,1.167,116.73,Buy,229328000,53324520000,54553820000,33.438,4.674,12.049,18.949,108.435,2879000000,2879000000,1175300000,1703700000,1216600000,1200600000,487100000,103400000,547100000,188700000,358400000,358400000,358400000,358400000,358400000,0.065,0.06,5474364754,5827916667,487100000,2391900000,358400000,290663645,487100000,503100000,1175300000,16000000,358400000,399700000,0.345,"35,663,644.67",10222400000,4144200000,1058300000,1058300000,969600000,987800000,6078200000,2889900000,4444700000,-1554800000,303700000,303700000,2884600000,5796600000,4117600000,1914400000,1914400000,1914400000,1302300000,1302300000,1679000000,985300000,985300000,200000000,200000000,493700000,4425800000,4425800000,7425500000,5411100000,4425800000,4122100000,26600000,6713400000,4122100000,2287600000,5315840000,5315840000,581100000,581100000,358400000,16000000,16000000,-40500000,-40500000,-329700000,-329700000,-221400000,-214500000,-384600000,-384600000,14500000,-154900000,11500000,-166400000,0,-133200000,36800000,0,-214500000,11500000,-166400000,366600000
9/30/1991,8.109375,8.390625,7.796875,8.328125,3.910397,1.112,111.221,Buy,119888800,42901336500,43978236500,27.802,3.846,10.162,13.864,61.005,3172100000,3172100000,1231100000,1941000000,1296300000,1220200000,644700000,60900000,665200000,208900000,456300000,456300000,456300000,456300000,456300000,0.09,0.09,5070000000,5070000000,644700000,2527400000,456300000,414525090,644700000,720900000,1231000000,76200000,456300000,660000000,0.314,"19,125,090.20",9778800000,4180400000,1154700000,1154700000,1018400000,1014200000,5598400000,2623000000,4210700000,-1587700000,287600000,287600000,2687800000,5557100000,3855000000,1859400000,1859400000,1859400000,1195000000,1195000000,1702100000,1036600000,1036600000,219600000,219600000,445900000,4221700000,4221700000,7226400000,5258300000,4221700000,3934100000,325400000,6453300000,3934100000,2231600000,5321096000,5321096000,790000000,790000000,456300000,76200000,76200000,-10800000,-10800000,-224500000,-224500000,-195700000,-207300000,-346600000,-346600000,-81100000,-105400000,9800000,-115200000,0,218900000,27300000,0,-207300000,9800000,-115200000,582700000
6/30/1991,6.8125,7.53125,6.8125,7.515625,3.51589,1.145,114.482,Buy,119534400,36319917250,37743217250,26.716,3.56,9.537,12.418,49.35,3039500000,3039500000,1114200000,1925300000,1232100000,1160500000,693200000,63900000,703200000,220800000,482400000,482400000,482400000,482400000,482400000,0.09,0.09,5360000000,5360000000,693200000,2346300000,482400000,438564164,693200000,764800000,1114300000,71500000,482400000,700900000,0.314,"20,064,163.82",9237500000,3910300000,908400000,908400000,1115200000,1078300000,5327200000,2462000000,3957500000,-1495500000,278000000,278000000,2587200000,5282900000,3879600000,1670300000,1670300000,1670300000,1526800000,1526800000,1403300000,760300000,760300000,243300000,243300000,399700000,3954600000,3954600000,6930000000,4714900000,3954600000,3676600000,30700000,6241700000,3676600000,2287100000,5331364000,5331364000,621500000,621500000,482400000,71500000,71500000,2200000,2200000,-308200000,-308200000,-185000000,-203700000,-88600000,-88600000,174600000,-103000000,8200000,-111200000,0,224700000,-33600000,0,-203700000,8200000,-111200000,417800000
3/31/1991,6.78125,7.09375,6.421875,6.59375,3.071136,1.087,108.704,Buy,168044800,36180599875,37362799875,27.125,3.614,9.586,15.06,63.145,2481000000,2481000000,866400000,1614600000,1120600000,1022900000,494000000,28500000,467800000,146900000,320400000,320900000,320900000,320900000,320400000,0.06,0.06,5340000000,5340000000,494000000,1987000000,320900000,301349658,494000000,591700000,866400000,97700000,320900000,563200000,0.314,"8,949,657.97",8730800000,3555800000,717400000,717400000,971700000,1058200000,5175000000,2391400000,3856200000,-1464800000,290000000,290000000,2493600000,4922600000,3516500000,1521500000,1521500000,1521500000,1372000000,1372000000,1406100000,768700000,768700000,244700000,244700000,392700000,3808200000,3808200000,6607700000,4576900000,3808200000,3518200000,39300000,5948900000,3518200000,2140700000,5335388000,5335388000,91800000,91800000,320900000,97700000,97700000,-17000000,-17000000,-262300000,-262300000,-145600000,-166200000,-511700000,-511700000,-364800000,-71400000,9900000,-81300000,0,-682200000,-30000000,1429600000,-166200000,9900000,-81300000,-74400000
12/31/1990,5.796875,6.140625,5.328125,6.09375,2.825217,1.091,109.112,Buy,191629600,31073113500,32255313500,23.25,3.097,8.233,12.619,65.268,2556100000,2556100000,1002600000,1553500000,1132000000,1059300000,421500000,59600000,429000000,134700000,290600000,294300000,294300000,294300000,290600000,0.055,0.05,5294872549,5722700000,421500000,2134600000,294300000,253413566,421500000,494200000,1002600000,72700000,294300000,434600000,0.314,"18,713,566.43",9278200000,4142800000,1429600000,1429600000,951700000,982300000,5135400000,2385600000,3785800000,-1400200000,275100000,275100000,2474700000,5429000000,4296500000,1576400000,1576400000,1576400000,2000900000,2000900000,1132500000,535900000,535900000,264600000,264600000,332000000,3849200000,3849200000,6447600000,4385100000,3774200000,3574100000,-153700000,6311000000,3499100000,2536800000,5345912000,5345912000,398100000,398100000,294300000,72700000,72700000,-11100000,-11100000,-240200000,-240200000,-211100000,-219100000,45400000,45400000,533500000,-216400000,12400000,-228800000,0,203300000,2900000,0,-219100000,12400000,-228800000,179000000
9/30/1990,4.984375,5.765625,4.96875,5.609375,2.58928,0.994,99.37,Sell,190723200,26368896500,26186196500,17.026,2.274,7.983,9.376,45.764,2792800000,2792800000,1110200000,1682600000,1170100000,1113000000,512500000,115500000,574600000,180400000,389400000,394200000,394200000,394200000,389400000,0.075,0.075,5192000000,5192000000,512500000,2280300000,394200000,314962095,512500000,572200000,1107600000,59700000,394200000,456700000,0.314,"36,262,095.37",8904200000,3933700000,1223400000,1223400000,1024500000,920200000,4970500000,2216300000,3573100000,-1356800000,273200000,273200000,2481000000,4969100000,3763100000,1715800000,1715800000,1715800000,12300000,12300000,1206000000,587700000,587700000,271900000,271900000,346400000,3935100000,3935100000,6290300000,4522800000,3635100000,3661900000,170600000,4235100000,3361900000,600000000,5340536000,5340536000,707600000,707600000,394200000,59700000,59700000,-19100000,-19100000,-127100000,-127100000,-130900000,-134500000,-435700000,-435700000,-296400000,-3200000,-4600000,1400000,0,144800000,45200000,0,-134500000,-4600000,1400000,573100000
6/30/1990,5.546875,6.046875,5.453125,5.671875,2.6057,1.196,119.557,Buy,149644000,29580064568,29266864568,19.81,2.595,9.694,10.684,46.053,2739300000,2739300000,1044100000,1695200000,1115500000,1059700000,579700000,70300000,597500000,187600000,405000000,409900000,409900000,409900000,405000000,0.08,0.08,5062500000,5062500000,579700000,2159600000,409900000,361672435,579700000,635500000,1049800000,50100000,409900000,565200000,0.314,"22,072,435.15",8658100000,3853800000,1033400000,1033400000,1182400000,995800000,4804300000,2145800000,3454100000,-1308300000,256500000,256500000,2402000000,5055100000,3894200000,1603400000,1603400000,1603400000,12500000,12500000,1160900000,538200000,538200000,294600000,294600000,328100000,3603000000,3603000000,6034500000,4141200000,3303000000,3346500000,-40400000,3853700000,3046500000,550700000,5332720000,5332720000,344300000,344300000,409900000,50100000,50100000,-8200000,-8200000,108200000,108200000,-127300000,-132500000,-581700000,-581700000,-397400000,-44400000,13300000,-57700000,0,-129200000,4100000,0,-132500000,13300000,-57700000,211800000
3/31/1990,4.671875,5.078125,4.640625,4.765625,2.179467,1.113,111.323,Buy,168958400,25192006056,26376906056,17.303,2.302,7.908,12.278,52.817,2148300000,2148300000,805100000,1343200000,905200000,843800000,438000000,48400000,413200000,129700000,278600000,283500000,283500000,283500000,278600000,0.055,0.055,5065454545,5065454545,438000000,1710300000,283500000,250292352,438000000,499400000,805100000,61400000,283500000,451000000,0.314,"15,192,352.37",8467200000,3809900000,1158500000,1158500000,905200000,902100000,4657300000,2077500000,3346900000,-1269400000,242900000,242900000,2336900000,5115900000,3978700000,1352100000,1352100000,1352100000,6400000,6400000,1137200000,538900000,538900000,303700000,303700000,294600000,3351300000,3351300000,5761900000,3890200000,3051300000,3108400000,-168800000,3596600000,2808400000,545300000,5392240000,5392240000,-166100000,-166100000,283500000,61400000,61400000,8100000,8100000,-180600000,-180600000,-104500000,-106900000,428400000,428400000,671100000,-237800000,8800000,-246600000,0,81700000,-19300000,1096000000,-106900000,8800000,-246600000,-273000000
12/31/1989,4.828125,4.875,4.078125,4.304688,1.957785,0.956,95.579,Sell,234900800,26034543556,25577243556,22.991,3.016,9.249,11.373,59.413,2248900000,2248900000,968500000,1280400000,898600000,849900000,381800000,39600000,342800000,116600000,242600000,247700000,247700000,226200000,242600000,0.045,0.045,5392240000,5392240000,381800000,1867100000,247700000,200069545,381800000,430500000,968500000,48700000,226200000,390900000,0.34,"13,469,544.92",8282500000,3603500000,1096000000,1096000000,820400000,789100000,4679000000,2021200000,3294700000,-1273500000,232000000,232000000,2425800000,4797000000,3658000000,1386500000,1386500000,1386500000,1432200000,1432200000,1139000000,548700000,548700000,296100000,296100000,294200000,3485500000,3485500000,5618300000,4034200000,3185500000,3253500000,-54500000,5166400000,2953500000,1980900000,5392240000,5392240000,173300000,173300000,247700000,48700000,48700000,23600000,23600000,1474300000,1474300000,-123400000,-140000000,-2099700000,-2099700000,-1634000000,-345500000,11800000,-357300000,0,-452100000,18600000,0,-140000000,11800000,-357300000,33300000
9/30/1989,4.1875,4.585938,3.867188,4.523438,2.048348,1.07,107.005,Buy,260318400,22868105000,22716305000,21.474,2.704,7.945,9.866,45.018,2302600000,2302600000,950900000,1351700000,893300000,848300000,458400000,162000000,531300000,170000000,356100000,361300000,361300000,361300000,356100000,0.065,0.065,5478461538,5478461538,458400000,1844200000,361300000,251135121,458400000,504600000,949700000,46200000,361300000,342600000,0.32,"51,835,121.40",8903600000,3670600000,1529600000,1529600000,775800000,833000000,5233000000,1853800000,3061600000,-1207800000,64500000,64500000,3314700000,5788900000,4610200000,1264800000,1264800000,1264800000,127200000,127200000,1178700000,645100000,645100000,284800000,284800000,248800000,3114700000,3114700000,4981200000,3759800000,2814700000,3050200000,-939600000,3587000000,2750200000,772300000,5461040000,5461040000,466100000,466100000,361300000,46200000,46200000,-3700000,-3700000,-759200000,-759200000,-91900000,-124800000,531900000,531900000,957000000,-303400000,9100000,-312500000,0,238800000,-1400000,0,-124800000,9100000,-312500000,341300000
6/30/1989,3.523438,4.25,3.5,4.25,1.914263,1.261,126.091,Buy,186704000,19500238055,19348438055,18.069,2.276,6.775,7.965,35.613,2429100000,2429100000,1001900000,1427200000,928400000,883900000,498800000,88000000,508100000,162600000,339800000,345500000,345500000,345500000,339800000,0.065,0.065,5227692308,5227692308,498800000,1930300000,345500000,285661386,498800000,543300000,1002000000,44400000,345500000,455300000,0.32,"28,161,385.55",7979500000,3736900000,1292200000,1292200000,821500000,902300000,4242600000,1801600000,2976600000,-1175000000,54900000,54900000,2386100000,4801300000,3581900000,1222500000,1222500000,1222500000,127300000,127300000,1219400000,713100000,713100000,279600000,279600000,226700000,3178200000,3178200000,4741600000,3891300000,2878200000,3123300000,155000000,3718600000,2823300000,840400000,5534416000,5534416000,245100000,245100000,345500000,44400000,44400000,11000000,11000000,-116400000,-116400000,-119100000,-121400000,104500000,104500000,477500000,-249400000,5500000,-254900000,0,233200000,-26800000,0,-121400000,5500000,-254900000,123700000
3/31/1989,3.203125,3.398438,3.15625,3.390625,1.518157,1.168,116.841,Buy,171371200,17945583812,18001883812,17.795,2.123,6.106,9.068,41.719,1985200000,1985200000,788000000,1197200000,810200000,765700000,387000000,56900000,382100000,122300000,254400000,259800000,259800000,259800000,254400000,0.045,0.045,5653333333,5653333333,387000000,1598200000,259800000,221112170,387000000,431500000,788000000,44500000,259800000,374600000,0.32,"18,212,169.59",7528600000,3306900000,1085700000,1085700000,797500000,878900000,4221700000,1767700000,2920100000,-1152400000,55700000,55700000,2398300000,4289800000,3066000000,1153100000,1153100000,1153100000,104200000,104200000,1223800000,737800000,737800000,267200000,267200000,218800000,3238800000,3238800000,4519800000,3976600000,2938800000,3183100000,240900000,3780800000,2883100000,842000000,5602480000,5602480000,250100000,250100000,259800000,44500000,44500000,6100000,6100000,-69200000,-69200000,-67500000,-76300000,-227200000,-227200000,125200000,-227200000,15000000,-242200000,0,-46300000,-13300000,1145300000,-76300000,15000000,-242200000,173800000
